hq,pricePerUnit,quantity,buyerName,onMannequin,timestamp,worldName,worldID
True,2999,19,Nozomi Duskheart,False,1710941100,Siren,57
True,2999,19,Nozomi Duskheart,False,1710941096,Siren,57
False,2500,6,Volk Lunam,False,1710936786,Sargatanas,99
True,2974,99,Moka Tamamitsune,False,1710933662,Cactuar,79
True,2949,30,Moka Tamamitsune,False,1710933651,Cactuar,79
True,2949,30,Moka Tamamitsune,False,1710933649,Cactuar,79
True,2949,30,Moka Tamamitsune,False,1710933647,Cactuar,79
True,2949,30,Moka Tamamitsune,False,1710933645,Cactuar,79
True,2945,30,Moka Tamamitsune,False,1710933643,Cactuar,79
True,2764,99,Noxx Vah'shir,False,1710933342,Gilgamesh,63
True,2765,99,Dj Taki,False,1710927345,Gilgamesh,63
True,2765,99,Okie Dokie,False,1710924991,Gilgamesh,63
True,2690,25,Celicat Owaowa,False,1710918578,Gilgamesh,63
True,2691,99,Camellia Yagami,False,1710918090,Gilgamesh,63
True,2691,99,Camellia Yagami,False,1710918089,Gilgamesh,63
True,2691,99,Camellia Yagami,False,1710918088,Gilgamesh,63
True,2691,99,Camellia Yagami,False,1710918087,Gilgamesh,63
True,2690,99,Camellia Yagami,False,1710918085,Gilgamesh,63
True,2690,99,Camellia Yagami,False,1710918084,Gilgamesh,63
True,2690,99,Camellia Yagami,False,1710918083,Gilgamesh,63
True,2690,99,Camellia Yagami,False,1710918082,Gilgamesh,63
True,2690,99,Camellia Yagami,False,1710918081,Gilgamesh,63
True,2798,50,Camellia Yagami,False,1710918030,Sargatanas,99
True,2798,50,Camellia Yagami,False,1710918029,Sargatanas,99
True,2798,50,Camellia Yagami,False,1710918028,Sargatanas,99
True,2798,99,Camellia Yagami,False,1710918027,Sargatanas,99
True,2798,99,Camellia Yagami,False,1710918026,Sargatanas,99
True,2790,99,Camellia Yagami,False,1710918025,Sargatanas,99
True,2790,99,Camellia Yagami,False,1710918024,Sargatanas,99
True,2790,99,Camellia Yagami,False,1710918023,Sargatanas,99
True,2790,99,Camellia Yagami,False,1710918022,Sargatanas,99
True,2786,99,Camellia Yagami,False,1710918021,Sargatanas,99
True,2785,99,Camellia Yagami,False,1710918020,Sargatanas,99
True,2785,99,Camellia Yagami,False,1710918019,Sargatanas,99
True,2785,99,Camellia Yagami,False,1710918018,Sargatanas,99
True,2785,99,Camellia Yagami,False,1710918017,Sargatanas,99
True,2780,50,Camellia Yagami,False,1710918016,Sargatanas,99
True,2780,52,Camellia Yagami,False,1710918015,Sargatanas,99
True,2780,55,Camellia Yagami,False,1710918014,Sargatanas,99
True,3194,99,Sylphie Bode,False,1710915360,Siren,57
True,2785,99,Sir Jomba,False,1710913710,Sargatanas,99
True,2690,99,Glacie La'vondane,False,1710911080,Gilgamesh,63
True,2691,99,Galsorii Sunland,False,1710908137,Gilgamesh,63
True,2691,99,Data Stream,False,1710907607,Gilgamesh,63
True,2825,99,Zan Getsu,False,1710906258,Midgardsormr,65
True,2949,30,Marii Ru,False,1710905996,Cactuar,79
True,2825,99,Tadashi Ryu,False,1710905282,Midgardsormr,65
True,2697,25,R'vhasa Avci,False,1710905133,Gilgamesh,63
True,2697,25,R'vhasa Avci,False,1710905131,Gilgamesh,63
True,2692,99,Millueda Folles,False,1710904897,Gilgamesh,63
True,2865,25,U'fy Kitten,False,1710904576,Jenova,40
True,2786,99,Lucy Pher,False,1710903421,Sargatanas,99
True,3100,10,Majesty Neah,False,1710903053,Siren,57
True,3195,99,Seal Noises,False,1710902928,Siren,57
True,2680,99,Rifraph Nabersoki,False,1710902688,Gilgamesh,63
True,3195,99,Kami Neko,False,1710902451,Siren,57
True,3194,96,Kami Neko,False,1710902450,Siren,57
True,3194,99,Kami Neko,False,1710902449,Siren,57
True,3194,99,Fyen Wynstra'e,False,1710901974,Siren,57
True,3195,33,Maioriana Meguminas,False,1710901861,Siren,57
True,3194,99,Solana Etiegeant,False,1710901490,Siren,57
True,2865,99,Sayakei Shiina,False,1710901315,Jenova,40
True,2865,99,Sayakei Shiina,False,1710901314,Jenova,40
True,2865,99,Sayakei Shiina,False,1710901313,Jenova,40
True,2865,99,Sayakei Shiina,False,1710901311,Jenova,40
True,2828,33,Avalyirnn Gimbil,False,1710900898,Midgardsormr,65
False,666,3,Avalyirnn Gimbil,False,1710900896,Midgardsormr,65
True,2787,25,Critical Oatmeal,False,1710900316,Sargatanas,99
True,2865,99,Loewe Adarkim,False,1710900221,Jenova,40
True,2787,25,Mizu Tempest,False,1710899951,Sargatanas,99
True,2787,25,Khalid Aikym,False,1710899869,Sargatanas,99
True,2786,99,Lumi Clementine,False,1710899790,Sargatanas,99
True,2848,99,Meza Kaious,False,1710899748,Midgardsormr,65
True,2848,25,Corinn Lumeryn,False,1710898883,Midgardsormr,65
True,2848,99,Further Ado,False,1710898449,Midgardsormr,65
True,2949,30,Rai Quaza,False,1710897547,Cactuar,79
True,2949,30,Yuka Damasica,False,1710896923,Cactuar,79
True,2948,30,Yuka Damasica,False,1710896922,Cactuar,79
True,2787,25,Minuit Skyfall,False,1710896622,Sargatanas,99
True,3198,33,Nahli Wahcondalo,False,1710896536,Siren,57
True,2787,99,Bio Roxas,False,1710896451,Sargatanas,99
True,3197,99,Haruka Haruna,False,1710896380,Siren,57
True,2848,99,Min Aelwyd,False,1710896273,Midgardsormr,65
True,3197,99,Ziuz Pani,False,1710896251,Siren,57
True,2866,9,Doting Duck,False,1710896236,Jenova,40
True,2900,20,Doting Duck,False,1710896233,Jenova,40
True,2787,99,Noel Buether,False,1710896228,Sargatanas,99
True,2754,99,Requiem Nekomancer,False,1710896072,Gilgamesh,63
True,2755,25,Kai Acalos,False,1710896022,Gilgamesh,63
True,2867,25,Zumin Mirabeau,False,1710895958,Jenova,40
True,2787,25,Lucina Maximus,False,1710895701,Sargatanas,99
True,2787,25,Lucina Maximus,False,1710895698,Sargatanas,99
True,2744,25,Forsjar Vidir,False,1710895447,Adamantoise,73
True,3198,33,Clem Arcane,False,1710895297,Siren,57
True,2866,99,Goodness Azure,False,1710894965,Jenova,40
True,2743,99,Pyra Xeno,False,1710894925,Adamantoise,73
True,2743,99,Pyra Xeno,False,1710894911,Adamantoise,73
True,2787,99,Raina Noelle,False,1710894878,Sargatanas,99
True,2785,30,Yugami Mihgo,False,1710894539,Sargatanas,99
True,2799,20,Ashelynn Aeria,False,1710893456,Gilgamesh,63
True,2949,99,Hades Polydegmon,False,1710893236,Cactuar,79
True,2815,99,Aticus Prime,False,1710892877,Midgardsormr,65
True,2743,99,Astri Ferron,False,1710892629,Adamantoise,73
True,2743,99,Astri Ferron,False,1710892625,Adamantoise,73
True,2743,99,Astri Ferron,False,1710892622,Adamantoise,73
True,2743,99,Astri Ferron,False,1710892614,Adamantoise,73
True,2949,30,Necros Arcandor,False,1710892493,Cactuar,79
True,2743,99,Veve Deltat,False,1710892426,Adamantoise,73
True,2500,5,Albrecht Behelar,False,1710891632,Adamantoise,73
True,2949,30,Captain Grimlock,False,1710891015,Cactuar,79
True,2500,54,Teroma Haphmo,False,1710890584,Adamantoise,73
True,2949,99,Rinilda Blackthorne,False,1710890426,Cactuar,79
True,2867,25,Persona Nongrata,False,1710889751,Jenova,40
True,2809,20,Torashiki Yatsurugi,False,1710889180,Gilgamesh,63
True,2814,99,Suzume Oba,False,1710888323,Midgardsormr,65
True,2813,99,Boomboom Bambam,False,1710887371,Midgardsormr,65
True,2787,99,Speedy Bunzales,False,1710886990,Sargatanas,99
True,3216,99,Yoo Tendo,False,1710884707,Siren,57
True,2867,25,Bei Bei,False,1710882646,Jenova,40
True,2867,25,Bei Bei,False,1710882644,Jenova,40
True,2949,99,Fyrkoenyb Waekgohta,False,1710882439,Cactuar,79
True,2814,99,Articlina Snow,False,1710881023,Midgardsormr,65
True,2750,60,Articlina Snow,False,1710881021,Midgardsormr,65
True,2786,99,Shuu San,False,1710880770,Sargatanas,99
True,2867,99,Selsia Oshu,False,1710878599,Jenova,40
True,2866,30,Lelouch Valimar,False,1710878363,Jenova,40
True,2865,40,Lelouch Valimar,False,1710878361,Jenova,40
True,2865,41,Lelouch Valimar,False,1710878359,Jenova,40
True,2949,30,Theadora Nygaard,False,1710874653,Cactuar,79
True,2849,33,Quill Regina,False,1710874422,Midgardsormr,65
True,2820,25,Haren'enis Setts,False,1710869534,Gilgamesh,63
True,2996,20,Syilv Larken,False,1710865539,Gilgamesh,63
True,2996,20,Syilv Larken,False,1710865536,Gilgamesh,63
True,2744,25,Jo Speedwagon,False,1710859590,Adamantoise,73
True,2867,25,Akira Mitsubishi,False,1710841999,Jenova,40
True,2850,99,Danj Hyperflare,False,1710840135,Midgardsormr,65
True,2747,99,Hajimari Aschente,False,1710808989,Adamantoise,73
True,2745,99,Hajimari Aschente,False,1710808985,Adamantoise,73
True,2852,99,Outer Wilds,False,1710808237,Midgardsormr,65
True,2789,25,Nozomi Duskheart,False,1710807786,Sargatanas,99
True,2788,21,Nozomi Duskheart,False,1710807783,Sargatanas,99
True,2789,25,Duck Lunari,False,1710807301,Sargatanas,99
True,2867,99,Tiera Mae,False,1710806273,Jenova,40
True,2977,33,Not Xanderrr,False,1710804860,Faerie,54
True,2746,25,Aze'a Taiada,False,1710804747,Adamantoise,73
True,2499,10,Audrye Komo,False,1710803050,Sargatanas,99
True,2747,25,Zahei Kouri,False,1710802946,Adamantoise,73
True,2747,25,Zahei Kouri,False,1710802945,Adamantoise,73
True,2747,25,Zahei Kouri,False,1710802941,Adamantoise,73
True,2747,25,Zahei Kouri,False,1710802940,Adamantoise,73
True,2747,25,Zahei Kouri,False,1710802934,Adamantoise,73
True,2747,99,Zahei Kouri,False,1710802926,Adamantoise,73
True,2747,99,Zahei Kouri,False,1710802925,Adamantoise,73
True,2747,99,Zahei Kouri,False,1710802924,Adamantoise,73
True,2747,99,Zahei Kouri,False,1710802923,Adamantoise,73
True,2747,99,Zahei Kouri,False,1710802922,Adamantoise,73
True,2977,33,Lost Innocence,False,1710802911,Faerie,54
True,2975,99,Jenny Boo,False,1710802377,Cactuar,79
True,2400,10,R'hago Taaj,False,1710800556,Cactuar,79
True,2400,10,R'hago Taaj,False,1710800554,Cactuar,79
True,2400,10,R'hago Taaj,False,1710800553,Cactuar,79
True,2794,25,Bellona Niijima,False,1710798021,Sargatanas,99
True,2748,99,Khulan Sagahl,False,1710797217,Adamantoise,73
True,2794,65,Ichiban Kasuga,False,1710797022,Sargatanas,99
True,2869,99,Iay Muela,False,1710796122,Jenova,40
True,2500,50,Sylphie Bode,False,1710794866,Siren,57
True,2869,3,Megane Kun,False,1710792925,Adamantoise,73
True,2863,25,Megane Kun,False,1710792918,Adamantoise,73
True,2859,99,Aurora Arulaq,False,1710792913,Midgardsormr,65
True,2748,99,Megane Kun,False,1710792905,Adamantoise,73
True,2748,99,Megane Kun,False,1710792901,Adamantoise,73
True,1000,7,Ashley Sandovol,False,1710792362,Gilgamesh,63
True,2855,25,Ashley Sandovol,False,1710792294,Gilgamesh,63
True,2855,99,Vestelle Sawyer,False,1710790638,Gilgamesh,63
True,2975,99,Liminal Space,False,1710790509,Cactuar,79
True,2400,30,Liminal Space,False,1710790495,Cactuar,79
True,2900,10,Hikaru Gojo,False,1710788034,Jenova,40
True,2975,99,Rhas Ketria,False,1710787815,Cactuar,79
True,2748,99,Helion Rokinn,False,1710787376,Adamantoise,73
True,2854,99,Dong Senpai,False,1710786382,Gilgamesh,63
True,2400,30,Awen Moen,False,1710785977,Cactuar,79
True,2400,30,Awen Moen,False,1710785974,Cactuar,79
True,2875,25,Aurora Destile,False,1710784877,Jenova,40
True,2977,15,Loghrif Azora,False,1710777291,Faerie,54
True,2977,15,Loghrif Azora,False,1710777288,Faerie,54
True,2977,15,Loghrif Azora,False,1710777287,Faerie,54
True,2977,15,Loghrif Azora,False,1710777285,Faerie,54
True,2977,15,Loghrif Azora,False,1710777284,Faerie,54
True,2977,15,Loghrif Azora,False,1710777283,Faerie,54
True,2978,99,Loghrif Azora,False,1710777281,Faerie,54
True,2978,99,Loghrif Azora,False,1710777280,Faerie,54
True,3264,30,Aby Cea,False,1710774648,Siren,57
True,2750,99,Khada Laxan,False,1710769517,Adamantoise,73
True,2400,30,Aiko Koyomi,False,1710754089,Cactuar,79
True,2400,30,Aiko Koyomi,False,1710754087,Cactuar,79
True,3263,99,Franklyn Eden,False,1710751282,Siren,57
True,2794,25,Lekzy Smexy,False,1710750173,Sargatanas,99
True,3264,30,Sui'ra Yhven,False,1710749722,Siren,57
True,2978,99,Irene Dustinox,False,1710746188,Faerie,54
True,2978,99,Irene Dustinox,False,1710746184,Faerie,54
True,2978,99,Irene Dustinox,False,1710746182,Faerie,54
True,2875,99,Kai'sa Vayne,False,1710741867,Jenova,40
True,2794,99,Sir Nibbles,False,1710741854,Sargatanas,99
True,2977,15,Valeria Svalnes,False,1710740994,Faerie,54
True,3264,30,Sylphie Bode,False,1710740205,Siren,57
True,2794,99,Lynneb Nil,False,1710736285,Sargatanas,99
True,2794,99,Ring-a Ding,False,1710736021,Sargatanas,99
True,2794,99,Ara Ara,False,1710735761,Sargatanas,99
False,1995,5,Little Elf,False,1710735112,Gilgamesh,63
True,2869,99,Chocominto Ice,False,1710733768,Gilgamesh,63
True,2869,99,Chocominto Ice,False,1710733767,Gilgamesh,63
True,2869,99,Chocominto Ice,False,1710733766,Gilgamesh,63
True,2868,99,Raudel Dominguez,False,1710732498,Adamantoise,73
True,2868,99,Raudel Dominguez,False,1710732495,Adamantoise,73
True,2868,99,Jack Endicott,False,1710732298,Adamantoise,73
True,2865,15,Lua Chimamanda,False,1710731721,Adamantoise,73
True,3264,30,Amalia Raynewoode,False,1710731503,Siren,57
True,2879,99,Duda Izumi,False,1710731360,Jenova,40
True,2364,99,Stella Lux,False,1710731320,Siren,57
True,2976,33,Aderyn Lunaria,False,1710730624,Cactuar,79
True,2868,25,Yohan Bae,False,1710730578,Adamantoise,73
True,2869,99,Cheeb Purrs,False,1710730497,Gilgamesh,63
True,2365,30,Reina Leigh,False,1710730463,Siren,57
True,2365,30,Reina Leigh,False,1710730462,Siren,57
True,2868,99,Shiroyuki Kigami,False,1710730446,Adamantoise,73
True,2365,30,Haru Liefe,False,1710729047,Siren,57
True,2893,99,Chimera Warden,False,1710728672,Adamantoise,73
True,2893,99,Idril Nelalil,False,1710728642,Adamantoise,73
True,2364,99,Lucien Tia,False,1710728339,Siren,57
True,2893,99,Elysielle Liadon,False,1710728227,Adamantoise,73
True,2880,99,Azula Akagane,False,1710727775,Jenova,40
True,2975,99,Mirabelle Glove,False,1710727495,Cactuar,79
True,2794,25,Tatiana Sai'za,False,1710727437,Sargatanas,99
True,2794,25,Tatiana Sai'za,False,1710727435,Sargatanas,99
True,2884,99,Mister Wonderful,False,1710727423,Jenova,40
True,2884,99,Mister Wonderful,False,1710727422,Jenova,40
True,2884,99,Mister Wonderful,False,1710727421,Jenova,40
True,2365,30,Mawdy Rator,False,1710727013,Siren,57
True,2884,99,Alice Lovely,False,1710726751,Jenova,40
True,2884,99,Alice Lovely,False,1710726749,Jenova,40
True,2864,99,Koko Ko,False,1710726683,Midgardsormr,65
True,2984,11,J'zara Kallan,False,1710726677,Cactuar,79
True,2863,99,Gwyndolin Himura,False,1710726148,Midgardsormr,65
True,2884,99,Doctor Bluie,False,1710725889,Jenova,40
True,2884,99,Doctor Bluie,False,1710725882,Jenova,40
True,2980,99,Lyoko Atreyu,False,1710725632,Faerie,54
True,2884,99,Muniti P'tchaka,False,1710725398,Jenova,40
True,2884,99,Daelyn Juniper,False,1710725289,Jenova,40
False,1500,99,Daelyn Juniper,False,1710725126,Jenova,40
True,2794,25,Rheiia Tyatu,False,1710725096,Sargatanas,99
True,1500,63,Cheese Fondue,False,1710724971,Midgardsormr,65
True,1499,99,Cheese Fondue,False,1710724966,Midgardsormr,65
True,2880,99,Tsuru Teachan,False,1710724701,Gilgamesh,63
True,2884,99,Mugi Panna,False,1710724493,Jenova,40
True,2884,99,Mugi Panna,False,1710724492,Jenova,40
True,2880,25,Purple Naruga,False,1710724146,Gilgamesh,63
True,2884,99,Poppy Goodnight,False,1710724031,Jenova,40
True,2979,50,Effie Howard,False,1710723981,Faerie,54
True,2893,25,Aligrant Boulderbane,False,1710723823,Adamantoise,73
True,2893,99,Vanilla Noir,False,1710723810,Adamantoise,73
True,2893,25,Aligrant Boulderbane,False,1710723791,Adamantoise,73
True,2880,99,Lexa Nightblood,False,1710723766,Gilgamesh,63
True,2880,99,Lexa Nightblood,False,1710723765,Gilgamesh,63
True,2979,50,Ozzy Ocelot,False,1710722759,Faerie,54
True,2895,25,Esmi Gunst,False,1710721925,Adamantoise,73
True,2980,33,X'sett Tia,False,1710721342,Faerie,54
True,2980,99,Pulls Anything,False,1710720332,Faerie,54
True,2980,99,Khaos Angel,False,1710720318,Faerie,54
True,2888,99,Wife Fy,False,1710720139,Jenova,40
True,2888,25,Newt Astrophel,False,1710720074,Jenova,40
True,2888,25,Newt Astrophel,False,1710720073,Jenova,40
True,2978,33,Daikoku Fukujin,False,1710720007,Cactuar,79
True,2894,99,Dragos Bloodfang,False,1710719892,Adamantoise,73
True,2894,99,Dragos Bloodfang,False,1710719890,Adamantoise,73
True,2882,99,Fairy Tale,False,1710719526,Gilgamesh,63
True,2980,99,Aerstdhem Usynhylt,False,1710719407,Faerie,54
True,2882,99,Peng Win,False,1710719223,Gilgamesh,63
True,2886,17,Elia Griffith,False,1710718596,Gilgamesh,63
True,2794,99,Delilah Jevhene,False,1710718591,Sargatanas,99
True,2977,99,Rotom Mai,False,1710717997,Cactuar,79
True,2882,99,Adelaide Marmalade,False,1710717919,Gilgamesh,63
True,2982,15,Kresgar Zantalyisk,False,1710717767,Faerie,54
True,2980,33,Kiri Ayame,False,1710717452,Faerie,54
True,2878,25,Chino Kafuu,False,1710717416,Midgardsormr,65
True,2999,28,Chino Kafuu,False,1710717405,Midgardsormr,65
True,2890,99,Maki Okkotsu,False,1710717211,Jenova,40
True,2884,25,Reign Senpai,False,1710717150,Gilgamesh,63
True,2899,99,We Ge,False,1710717015,Adamantoise,73
True,2978,99,Biscuits N'gravy,False,1710716732,Cactuar,79
True,3266,33,Devilman Xd,False,1710716638,Siren,57
True,3301,50,Devilman Xd,False,1710716629,Siren,57
True,2980,33,Apologizing Canadian,False,1710715883,Faerie,54
True,2980,33,Apologizing Canadian,False,1710715879,Faerie,54
True,2980,99,Auroria Inocencio,False,1710715828,Faerie,54
True,1905,12,Daibumu Kasai,False,1710715718,Jenova,40
True,2890,99,Lynoria Kholin,False,1710715454,Jenova,40
True,2890,99,Suzy Wambledarf,False,1710715172,Jenova,40
True,3266,99,Aurza Voltaic,False,1710714643,Siren,57
True,3266,99,Reimu Hakurei',False,1710714523,Siren,57
True,2978,99,Fiona Blackthorne,False,1710713933,Cactuar,79
True,2887,99,Susann Arkwind,False,1710713376,Gilgamesh,63
True,2887,99,Cat Enjoyer,False,1710712718,Gilgamesh,63
True,2887,99,Cat Enjoyer,False,1710712714,Gilgamesh,63
True,3266,99,Deeyaygo Hammerstein,False,1710712526,Siren,57
True,2977,99,Medorfian Loetwilfsyn,False,1710712151,Cactuar,79
True,2979,99,Maxwell Librav,False,1710712015,Faerie,54
True,2798,50,Kanade Testarossa,False,1710711860,Sargatanas,99
True,2798,99,Wind Tempos,False,1710710049,Sargatanas,99
True,2899,99,Zrefin Elderberry,False,1710709817,Adamantoise,73
True,2798,99,Hatsu Eugen,False,1710709130,Sargatanas,99
True,2798,99,Hatsu Eugen,False,1710709129,Sargatanas,99
True,2977,50,Cherry Grill,False,1710708287,Cactuar,79
True,2904,33,B'ongo Cat,False,1710707787,Adamantoise,73
True,2980,33,Ozzy Ocelot,False,1710707646,Faerie,54
True,2795,99,Lulilou Lurey,False,1710706367,Sargatanas,99
True,2892,99,Unity Engine,False,1710706013,Jenova,40
True,3266,99,Solana Etiegeant,False,1710705964,Siren,57
True,2976,39,Gluph Strength,False,1710705850,Cactuar,79
True,2977,50,Gluph Strength,False,1710705848,Cactuar,79
True,2878,25,Azure Regius,False,1710704520,Midgardsormr,65
True,2904,33,Kamui Tadashi,False,1710703479,Adamantoise,73
True,2869,99,Yuzu Althyk,False,1710703388,Midgardsormr,65
True,2878,25,Hegy Lakos,False,1710703121,Midgardsormr,65
True,2795,99,Aikah Ayana,False,1710702946,Sargatanas,99
True,2795,99,Aikah Ayana,False,1710702944,Sargatanas,99
True,2791,99,Aikah Ayana,False,1710702942,Sargatanas,99
True,2790,30,Aikah Ayana,False,1710702941,Sargatanas,99
True,2903,99,Sneaky Castro,False,1710701710,Adamantoise,73
True,2869,99,Dee Mystify,False,1710701518,Midgardsormr,65
True,2892,99,Alkaris Corthen,False,1710701427,Jenova,40
True,2978,99,Honk-honk Honkarooroo,False,1710700880,Cactuar,79
False,1994,30,Open Ai,False,1710700600,Gilgamesh,63
True,2981,99,Cayt Greell,False,1710700503,Faerie,54
True,2878,25,Alexois Sellecerre,False,1710700402,Midgardsormr,65
True,2878,25,Alexois Sellecerre,False,1710700400,Midgardsormr,65
True,2981,99,Itu Wizard,False,1710700242,Faerie,54
True,3266,99,Hibari Meiken,False,1710698987,Siren,57
True,2981,99,Emilia Violetsnow,False,1710698863,Faerie,54
True,2790,99,Daspien Bladedancer,False,1710698682,Sargatanas,99
True,2887,99,Itsuomi Nagi,False,1710698390,Gilgamesh,63
True,2982,50,Palli D'hin,False,1710697827,Faerie,54
True,2887,99,Suzy Hawthorn,False,1710696200,Gilgamesh,63
True,2979,50,Demian Lykaios,False,1710695860,Cactuar,79
True,2910,25,Shiny Trainer,False,1710695545,Adamantoise,73
True,2910,25,Shiny Trainer,False,1710695543,Adamantoise,73
True,2900,6,Shiny Trainer,False,1710695538,Adamantoise,73
True,2910,25,Shiny Trainer,False,1710695534,Adamantoise,73
True,2986,99,Sera Davos,False,1710693842,Cactuar,79
True,2886,99,Ny Petpetor,False,1710693710,Gilgamesh,63
True,2886,99,Marcy Snufkin,False,1710693682,Gilgamesh,63
True,2979,50,Pieraux Cobalt,False,1710693296,Cactuar,79
True,2892,99,W'baharra Rhikki,False,1710693022,Jenova,40
True,2798,50,Kevin R'lyeh,False,1710690576,Sargatanas,99
True,2790,25,Fei Sol,False,1710690283,Sargatanas,99
True,2876,99,Lilliana Fremen,False,1710689514,Midgardsormr,65
True,2992,19,Mal Reynolds,False,1710688313,Gilgamesh,63
True,2790,25,Mal Reynolds,False,1710688065,Sargatanas,99
True,2790,99,Mal Reynolds,False,1710688062,Sargatanas,99
True,2790,99,Mal Reynolds,False,1710688061,Sargatanas,99
True,2790,99,Mal Reynolds,False,1710688060,Sargatanas,99
True,2779,81,Mal Reynolds,False,1710688059,Sargatanas,99
True,2779,99,Mal Reynolds,False,1710688058,Sargatanas,99
True,2779,99,Mal Reynolds,False,1710688057,Sargatanas,99
True,2779,99,Mal Reynolds,False,1710688056,Sargatanas,99
True,2779,99,Mal Reynolds,False,1710688055,Sargatanas,99
True,2779,99,Mal Reynolds,False,1710688054,Sargatanas,99
True,2898,25,Gumi Umi,False,1710687828,Gilgamesh,63
True,2877,99,Vospo Agalder,False,1710686269,Midgardsormr,65
True,2892,99,Bataar Dotharl,False,1710685667,Jenova,40
True,2984,15,Malen Badger,False,1710680953,Faerie,54
True,2984,15,Malen Badger,False,1710680950,Faerie,54
True,2790,25,Seren Noctis,False,1710679274,Sargatanas,99
True,2790,25,Seren Noctis,False,1710679273,Sargatanas,99
True,2790,25,Seren Noctis,False,1710679271,Sargatanas,99
True,2910,25,Alcaeus Maylef,False,1710670642,Adamantoise,73
True,2910,25,Alcaeus Maylef,False,1710670640,Adamantoise,73
True,2892,99,Neko Punch,False,1710667332,Jenova,40
True,2898,25,Valkren Frost,False,1710664566,Gilgamesh,63
True,2790,99,Najimi Naomi,False,1710662641,Sargatanas,99
True,2791,25,Co Ior,False,1710659680,Sargatanas,99
True,2983,50,Aiko Koyomi,False,1710659036,Cactuar,79
True,2895,25,Hiren Hatsukoi,False,1710657209,Jenova,40
True,2895,25,Hiren Hatsukoi,False,1710657208,Jenova,40
True,3337,20,Muri Cans,False,1710657022,Siren,57
True,2878,25,Stegostrax Grushar,False,1710655136,Midgardsormr,65
True,3372,33,Maximilien Desrosiers,False,1710654353,Siren,57
True,3336,99,Aramintha Rose,False,1710654124,Siren,57
True,2984,33,Great David,False,1710651860,Faerie,54
True,2984,33,Great David,False,1710651858,Faerie,54
True,2984,33,Great David,False,1710651857,Faerie,54
True,2791,99,Aki Soulblighter,False,1710651776,Sargatanas,99
True,2985,40,Strange People,False,1710650713,Cactuar,79
True,2912,99,Lyn Valencia,False,1710649229,Adamantoise,73
True,2912,99,Lyn Valencia,False,1710649227,Adamantoise,73
True,2898,25,Mi Goreng,False,1710648994,Jenova,40
True,2898,25,Mi Goreng,False,1710648992,Jenova,40
True,2896,99,Mi Goreng,False,1710648989,Jenova,40
True,2985,50,Amara Cassiopeia,False,1710648827,Faerie,54
True,2898,99,Dani Hovelle,False,1710647999,Gilgamesh,63
True,2984,33,Valena Nedela,False,1710647728,Faerie,54
True,3372,99,Lyon King,False,1710647509,Siren,57
True,3337,20,Lyon King,False,1710647507,Siren,57
True,3337,20,Lyon King,False,1710647503,Siren,57
True,3337,20,Lyon King,False,1710647501,Siren,57
True,3371,99,Demonica Hellsing,False,1710647447,Siren,57
True,2898,99,Okita San,False,1710647302,Gilgamesh,63
True,3371,99,Seanathan Tempest,False,1710645961,Siren,57
True,2912,25,Misasami Lex,False,1710645166,Adamantoise,73
True,2912,25,Hena Rivers,False,1710644969,Adamantoise,73
True,2912,25,Hena Rivers,False,1710644967,Adamantoise,73
True,2980,40,Sora Chu,False,1710644770,Cactuar,79
True,2878,25,Hela Nya,False,1710644455,Midgardsormr,65
True,2984,33,Riken Himitsu,False,1710644388,Faerie,54
True,2792,25,Radiance Ramasama,False,1710644000,Sargatanas,99
True,2792,25,Radiance Ramasama,False,1710643998,Sargatanas,99
True,2985,50,Skadi Polarfrost,False,1710643561,Cactuar,79
True,2985,50,Skadi Polarfrost,False,1710643558,Cactuar,79
True,3372,33,Dareena Terrorbane,False,1710642668,Siren,57
True,2878,25,Fae Vizla,False,1710642572,Midgardsormr,65
True,2898,99,Milo Frever,False,1710641391,Jenova,40
True,2897,40,Milo Frever,False,1710641390,Jenova,40
True,2897,40,Milo Frever,False,1710641388,Jenova,40
True,2793,25,Zyen Nehdr,False,1710641364,Sargatanas,99
True,2985,50,Gawain Green,False,1710640698,Cactuar,79
True,2985,50,Koneko Takanashi,False,1710640613,Cactuar,79
True,3372,33,Mei Yuzuka,False,1710640176,Siren,57
True,3372,33,Silent Sheep,False,1710639957,Siren,57
True,2988,33,Eris Valen,False,1710639506,Cactuar,79
True,2991,99,Magnus Shadeptus,False,1710639407,Gilgamesh,63
True,2991,25,Salentia Wells,False,1710639335,Gilgamesh,63
True,2794,25,Kanade Testarossa,False,1710639041,Sargatanas,99
True,2794,99,Itsuomi Nagi,False,1710638975,Sargatanas,99
True,2912,25,Era Hess,False,1710638963,Adamantoise,73
True,2990,41,L'lednara Bebeh,False,1710638963,Gilgamesh,63
True,2912,25,Era Hess,False,1710638956,Adamantoise,73
True,2912,25,Era Hess,False,1710638954,Adamantoise,73
True,2985,50,Metri Rayne,False,1710638830,Faerie,54
True,2912,25,Elusia Farcaller,False,1710638815,Adamantoise,73
True,2912,25,Elusia Farcaller,False,1710638812,Adamantoise,73
True,3372,33,Erhis Anbolho,False,1710638653,Siren,57
True,2898,25,Kathy Dragneel,False,1710638599,Jenova,40
True,2794,25,Eva Tswarra,False,1710638549,Sargatanas,99
True,2794,25,Eva Tswarra,False,1710638547,Sargatanas,99
True,2794,25,Gravy Train,False,1710637835,Sargatanas,99
True,2794,25,Gravy Train,False,1710637834,Sargatanas,99
True,2878,99,Alicia Evergarden,False,1710637703,Midgardsormr,65
True,2793,99,Delicat Salvant,False,1710637574,Sargatanas,99
True,3373,20,Kiyo Mizuhiku,False,1710637109,Siren,57
True,3372,99,Kiyo Mizuhiku,False,1710637104,Siren,57
True,2898,25,Faron Hawke,False,1710637094,Jenova,40
True,2898,25,Faron Hawke,False,1710637089,Jenova,40
True,2912,99,Power Bandana,False,1710636796,Adamantoise,73
True,2879,99,Kimbrell Ruyo,False,1710636328,Midgardsormr,65
True,2879,99,Kimbrell Ruyo,False,1710636327,Midgardsormr,65
True,2879,99,Kimbrell Ruyo,False,1710636325,Midgardsormr,65
True,2878,25,Kimbrell Ruyo,False,1710636309,Midgardsormr,65
True,2878,25,Kimbrell Ruyo,False,1710636308,Midgardsormr,65
True,2878,25,Kimbrell Ruyo,False,1710636306,Midgardsormr,65
True,2878,25,Kimbrell Ruyo,False,1710636305,Midgardsormr,65
True,2878,25,Kimbrell Ruyo,False,1710636303,Midgardsormr,65
True,2878,99,Kimbrell Ruyo,False,1710636302,Midgardsormr,65
True,2878,99,Kimbrell Ruyo,False,1710636300,Midgardsormr,65
True,2878,99,Kimbrell Ruyo,False,1710636299,Midgardsormr,65
True,2878,99,Kimbrell Ruyo,False,1710636298,Midgardsormr,65
True,2878,99,Kimbrell Ruyo,False,1710636296,Midgardsormr,65
True,2991,99,Izzy Peasy,False,1710636282,Gilgamesh,63
True,2987,99,Jade Engarde,False,1710636261,Cactuar,79
True,2987,99,Jade Engarde,False,1710636259,Cactuar,79
True,2987,99,Tirami Xu,False,1710635808,Cactuar,79
True,3372,99,Vulajin Sharpscar,False,1710635758,Siren,57
True,2917,18,A'zumi Falh,False,1710634856,Adamantoise,73
True,3373,20,Evangelyne Lsawyn,False,1710634733,Siren,57
True,3373,20,Evangelyne Lsawyn,False,1710634732,Siren,57
True,3373,20,Evangelyne Lsawyn,False,1710634730,Siren,57
True,2900,99,Mimi Mistletien,False,1710634678,Gilgamesh,63
True,2984,99,Jitter Bug,False,1710634643,Faerie,54
True,2984,99,Jitter Bug,False,1710634641,Faerie,54
True,2984,99,Jitter Bug,False,1710634639,Faerie,54
True,2984,99,Jitter Bug,False,1710634638,Faerie,54
True,2984,99,Jitter Bug,False,1710634636,Faerie,54
True,2913,99,Jen Bros,False,1710634275,Adamantoise,73
True,3407,30,Sol Zanketsu,False,1710633723,Siren,57
True,2900,99,Sylva Runner,False,1710633667,Jenova,40
True,3407,30,Pyrelle Talios,False,1710633517,Siren,57
True,3408,99,Sir Midknight,False,1710633451,Siren,57
True,2795,33,Burning Solar,False,1710633413,Sargatanas,99
True,2700,9,Mikh'a Elakha,False,1710633326,Gilgamesh,63
True,2700,50,Mikh'a Elakha,False,1710633325,Gilgamesh,63
True,2700,50,Mikh'a Elakha,False,1710633324,Gilgamesh,63
True,2700,99,Mikh'a Elakha,False,1710633323,Gilgamesh,63
True,2400,25,Mikh'a Elakha,False,1710633320,Gilgamesh,63
True,2400,25,Mikh'a Elakha,False,1710633319,Gilgamesh,63
True,2400,50,Eluned Erestandle,False,1710633182,Gilgamesh,63
True,2986,99,Grandwell Caxias,False,1710633108,Faerie,54
True,2986,99,Grandwell Caxias,False,1710633106,Faerie,54
True,2986,33,Arya Lillawen,False,1710633031,Faerie,54
True,2400,99,Adelaide Marmalade,False,1710632937,Gilgamesh,63
True,2400,99,Adelaide Marmalade,False,1710632934,Gilgamesh,63
True,2913,99,Rainy Aischune,False,1710632907,Adamantoise,73
True,2390,99,Scared Akuba,False,1710632713,Gilgamesh,63
True,2900,99,Drfob Fist-of-father,False,1710632173,Jenova,40
True,2988,99,Quikthinx Allthots,False,1710631391,Cactuar,79
True,2988,99,Crak Atak,False,1710629965,Cactuar,79
True,3409,18,Mitzrael Chaoskampf,False,1710629868,Siren,57
True,2879,99,Bayleif Ovis,False,1710629826,Midgardsormr,65
True,2879,99,Rora Chan,False,1710628994,Midgardsormr,65
True,2849,99,Masha Zhwan,False,1710628699,Jenova,40
True,2189,99,Aoi Kami,False,1710628281,Gilgamesh,63
False,2000,12,Yuta Shirogane,False,1710626727,Gilgamesh,63
True,2200,25,Clarissa Erithrheli,False,1710626363,Gilgamesh,63
True,2799,99,Hito Mi,False,1710625795,Sargatanas,99
True,2799,99,Hito Mi,False,1710625794,Sargatanas,99
True,2849,99,Rath Roka,False,1710624412,Jenova,40
True,2987,99,Mizuzu Mizu,False,1710624134,Faerie,54
True,2914,99,Misa Losmire,False,1710623989,Adamantoise,73
True,2879,99,Shockna Durand,False,1710623469,Midgardsormr,65
True,2849,99,Kennen Bot,False,1710622959,Jenova,40
True,2914,99,G'ihpsy Claihr,False,1710622956,Adamantoise,73
True,2849,99,Kennen Bot,False,1710622949,Jenova,40
True,2849,99,Kennen Bot,False,1710622948,Jenova,40
True,2812,99,Kennen Bot,False,1710622946,Jenova,40
True,2804,10,Kennen Bot,False,1710622945,Jenova,40
True,2804,10,Kennen Bot,False,1710622943,Jenova,40
True,2804,20,Kennen Bot,False,1710622942,Jenova,40
True,2804,20,Kennen Bot,False,1710622941,Jenova,40
True,2804,25,Kennen Bot,False,1710622940,Jenova,40
True,2804,25,Kennen Bot,False,1710622939,Jenova,40
True,2803,30,Kennen Bot,False,1710622938,Jenova,40
True,2803,30,Kennen Bot,False,1710622937,Jenova,40
True,2987,99,N'lhyn Rinha,False,1710622599,Faerie,54
True,2989,99,Karen Prime,False,1710622272,Cactuar,79
True,2987,99,Juvvie Erena,False,1710621930,Faerie,54
True,2914,99,Elaena Covenant,False,1710621885,Adamantoise,73
True,3445,99,Helfri Savage,False,1710621448,Siren,57
True,3445,99,Helfri Savage,False,1710621446,Siren,57
True,3445,99,Helfri Savage,False,1710621444,Siren,57
True,2799,99,Kali Liada,False,1710620081,Sargatanas,99
True,2000,50,Nadu Xeno,False,1710619476,Midgardsormr,65
True,2799,99,Nozomi Duskheart,False,1710617732,Sargatanas,99
True,2987,33,Auroria Inocencio,False,1710617131,Faerie,54
True,2987,33,Auroria Inocencio,False,1710617126,Faerie,54
True,2915,99,Yvelont Supaux,False,1710616352,Adamantoise,73
True,2916,99,Iti Toji,False,1710615085,Adamantoise,73
True,2500,99,Alistair Miyu,False,1710614168,Gilgamesh,63
True,3449,30,Yyude Wsdhm,False,1710611338,Siren,57
True,3447,99,Sun Princess,False,1710610746,Siren,57
True,2880,99,Krystalia Snowrite,False,1710609176,Sargatanas,99
True,2988,50,Luth Xz,False,1710609016,Faerie,54
True,2988,50,Luth Xz,False,1710609014,Faerie,54
True,2988,50,Luth Xz,False,1710609012,Faerie,54
True,2883,25,Rudra Yama,False,1710608309,Midgardsormr,65
True,2988,50,Ritz Meowleur,False,1710608061,Faerie,54
True,2804,25,Atelier Walker,False,1710607140,Jenova,40
True,2918,99,Khulan Sagahl,False,1710602853,Adamantoise,73
True,2919,99,Mayoi Hachikujo,False,1710602569,Adamantoise,73
True,2919,25,Averlino Glacio,False,1710602277,Adamantoise,73
True,2804,25,Ikar Riegan,False,1710601473,Jenova,40
True,2804,99,Alkaris Corthen,False,1710600679,Jenova,40
True,2804,99,Alkaris Corthen,False,1710600677,Jenova,40
True,2804,99,Draco Ryuu,False,1710600600,Jenova,40
True,2804,99,Draco Ryuu,False,1710600598,Jenova,40
True,2804,99,Draco Ryuu,False,1710600596,Jenova,40
True,2882,99,Rune Casterwill,False,1710596941,Midgardsormr,65
True,2804,25,Maki Nishikino,False,1710596898,Jenova,40
True,3447,99,R'ghiri Tia,False,1710594143,Siren,57
True,3448,99,Kadiska Kath,False,1710593898,Siren,57
True,3447,99,Sun Princess,False,1710593509,Siren,57
True,2883,25,Lilac Kitten,False,1710592798,Midgardsormr,65
True,2919,99,Dragoon Kainn,False,1710591682,Adamantoise,73
True,2882,99,Serenia Grymallys,False,1710586478,Midgardsormr,65
True,2990,99,Relena Yuy,False,1710583608,Faerie,54
True,2804,99,Po Tato',False,1710576531,Jenova,40
True,3449,12,Vex De'rossi,False,1710575900,Siren,57
True,2800,99,Spring Thief,False,1710575331,Jenova,40
True,3447,99,Granite Aphelia,False,1710574014,Siren,57
True,3447,99,Granite Aphelia,False,1710574012,Siren,57
True,2899,33,Pocquette Ratte,False,1710573451,Cactuar,79
True,2883,25,Mammal Yumitori,False,1710573127,Midgardsormr,65
True,2883,99,Dank Legolas,False,1710572141,Midgardsormr,65
True,2883,25,Azure Regius,False,1710570806,Midgardsormr,65
True,2804,25,Coeli Yascaret,False,1710570605,Jenova,40
True,2990,33,Zeruel Rodma,False,1710569950,Faerie,54
True,2990,99,Xanthe Oxidase,False,1710568548,Faerie,54
True,3447,99,Zhen Dansvalsnes,False,1710568080,Siren,57
True,2990,60,Invent Moon,False,1710567288,Cactuar,79
True,2804,99,Akrui Tesh,False,1710565844,Jenova,40
True,2804,25,Lil Chichan,False,1710565114,Jenova,40
True,2804,25,Lil Chichan,False,1710565111,Jenova,40
True,2804,25,Lil Chichan,False,1710565110,Jenova,40
True,2804,99,Nunu Nuke,False,1710565008,Jenova,40
True,2804,99,Nunu Nuke,False,1710565006,Jenova,40
True,2804,99,Nunu Nuke,False,1710564981,Jenova,40
True,2990,99,Tsukiko Qalli,False,1710564933,Faerie,54
True,2804,99,Albin Balfour,False,1710564847,Jenova,40
True,2804,99,Izana Kah,False,1710564743,Jenova,40
True,2969,99,Gilgafresh Maelow,False,1710564577,Gilgamesh,63
True,2969,99,Gilgafresh Maelow,False,1710564575,Gilgamesh,63
True,2969,99,Ari Psycho,False,1710564208,Gilgamesh,63
True,2805,50,Dan Farus,False,1710562906,Jenova,40
True,2969,99,Asteria Raen,False,1710562756,Gilgamesh,63
True,2969,99,Asteria Raen,False,1710562755,Gilgamesh,63
True,2969,99,Asteria Raen,False,1710562754,Gilgamesh,63
True,2990,33,Akemura Shirogane,False,1710562613,Faerie,54
True,2805,99,Chasing Clouds,False,1710562218,Jenova,40
True,2805,99,Chasing Clouds,False,1710562215,Jenova,40
True,2805,99,Allor Cedar,False,1710562145,Jenova,40
True,2920,99,God Siloquinn,False,1710562013,Adamantoise,73
True,2884,99,Curry Street,False,1710561147,Midgardsormr,65
True,2978,99,Ygbria Zaphiraf,False,1710561102,Gilgamesh,63
True,2978,99,Ygbria Zaphiraf,False,1710561100,Gilgamesh,63
True,2991,50,Scrub Daddy,False,1710560352,Cactuar,79
True,2884,25,Glacial Storm,False,1710560179,Midgardsormr,65
True,2990,99,Aldorus Broadhart,False,1710559860,Faerie,54
True,2890,99,Angry Mudkip,False,1710559721,Sargatanas,99
True,2890,25,Shiny Trainer,False,1710559081,Sargatanas,99
True,2890,25,Shiny Trainer,False,1710559078,Sargatanas,99
True,2890,25,Shiny Trainer,False,1710559077,Sargatanas,99
True,2884,25,Boomboom Bambam,False,1710558003,Midgardsormr,65
True,2920,99,Bukidai Sagahl,False,1710557810,Adamantoise,73
True,2920,99,Bukidai Sagahl,False,1710557808,Adamantoise,73
True,2919,96,Bukidai Sagahl,False,1710557807,Adamantoise,73
True,3449,30,Clair Greenfield,False,1710557739,Siren,57
True,2990,33,Priori Aldimir,False,1710557672,Faerie,54
True,2990,99,Dodokari Momokari,False,1710556785,Faerie,54
True,2990,99,Dodokari Momokari,False,1710556782,Faerie,54
False,2993,3,Flower Ch'anthoatus,False,1710556620,Faerie,54
True,2991,99,Izett Kor,False,1710555984,Cactuar,79
True,2992,50,Captain Grimlock,False,1710555890,Cactuar,79
True,2891,99,S'queban Tsai,False,1710555784,Sargatanas,99
True,2891,99,S'queban Tsai,False,1710555783,Sargatanas,99
True,2990,99,Turakina Elec,False,1710554852,Faerie,54
True,2809,99,Astaralynn Foreshadow,False,1710554697,Jenova,40
True,2922,33,Kassuna Blackwater,False,1710554501,Adamantoise,73
True,2883,33,Freya Linde,False,1710554169,Midgardsormr,65
True,2922,99,Auvoix Quemilien,False,1710553603,Adamantoise,73
True,2922,99,Auvoix Quemilien,False,1710553598,Adamantoise,73
True,2991,99,Virtuous Valor,False,1710552755,Faerie,54
True,2991,99,Virtuous Valor,False,1710552754,Faerie,54
True,2991,99,Virtuous Valor,False,1710552752,Faerie,54
True,2991,99,Virtuous Valor,False,1710552750,Faerie,54
True,2935,33,Vivian Noir,False,1710552621,Adamantoise,73
True,2992,99,Amelia Mercer,False,1710552590,Cactuar,79
True,2987,25,Jennalla Myoko,False,1710552350,Gilgamesh,63
True,2989,99,False Queen,False,1710552024,Gilgamesh,63
True,2811,99,Lucy Snowy,False,1710551199,Jenova,40
True,2810,99,Lucy Snowy,False,1710551197,Jenova,40
True,2990,33,Norrin Stagwood,False,1710551159,Faerie,54
True,2884,99,Egil Sigrend,False,1710550497,Midgardsormr,65
True,2811,99,Yummi Yumm,False,1710549680,Jenova,40
True,2893,99,Xisin Fendada,False,1710549321,Sargatanas,99
True,2884,99,Hurricane Dangerbaby,False,1710548989,Midgardsormr,65
True,2992,99,Scharhrot Vampyr,False,1710548960,Cactuar,79
True,2991,99,Scharhrot Vampyr,False,1710548958,Cactuar,79
True,2883,11,Boomboom Bambam,False,1710548754,Midgardsormr,65
True,2990,33,Naomi Kudelia,False,1710548687,Faerie,54
True,2894,99,Alayne Anacrusis,False,1710547549,Sargatanas,99
True,2811,30,Aria Archers,False,1710547355,Jenova,40
True,2896,25,Odiana Daastheryn,False,1710546969,Sargatanas,99
True,2894,99,Hitomi Kashiwa,False,1710546884,Sargatanas,99
True,2894,99,Hitomi Kashiwa,False,1710546859,Sargatanas,99
True,2991,99,Yiazmat Xyz,False,1710546830,Gilgamesh,63
True,2990,99,Vluezy Abraxaz,False,1710546670,Faerie,54
True,2990,99,Vluezy Abraxaz,False,1710546668,Faerie,54
True,2990,99,Vluezy Abraxaz,False,1710546667,Faerie,54
True,2990,99,Vluezy Abraxaz,False,1710546665,Faerie,54
True,2990,99,Vluezy Abraxaz,False,1710546664,Faerie,54
True,2989,50,Vluezy Abraxaz,False,1710546663,Faerie,54
True,2992,25,Ashelynn Aeria,False,1710546639,Gilgamesh,63
True,2927,99,Ahryn Rah,False,1710545937,Adamantoise,73
True,2992,99,Angelic Beats,False,1710545612,Gilgamesh,63
True,2812,99,Khadagan Arvel,False,1710545608,Jenova,40
True,2810,99,Khadagan Arvel,False,1710545607,Jenova,40
True,2810,99,Khadagan Arvel,False,1710545605,Jenova,40
True,2992,25,Meiyako Lesrekta,False,1710545588,Gilgamesh,63
True,2989,50,Ozzy Ocelot,False,1710543670,Faerie,54
True,2927,99,Cyberpoonky Beans,False,1710543553,Adamantoise,73
True,2809,40,Raijin Strife,False,1710543173,Jenova,40
True,2989,50,Yoshi Kira,False,1710543160,Faerie,54
True,2989,50,Yoshi Kira,False,1710543158,Faerie,54
True,3453,33,Nozomi Duskheart,False,1710542299,Siren,57
True,2928,99,Jona Woooo,False,1710541766,Adamantoise,73
True,2818,6,Future Bobcat,False,1710541439,Jenova,40
True,2816,27,Future Bobcat,False,1710541436,Jenova,40
True,2928,99,Frxxy Boots,False,1710540365,Adamantoise,73
True,2884,99,H'vy Byeshnasti,False,1710540189,Midgardsormr,65
True,2884,99,H'vy Byeshnasti,False,1710540188,Midgardsormr,65
True,2884,99,H'vy Byeshnasti,False,1710540186,Midgardsormr,65
True,2884,99,H'vy Byeshnasti,False,1710540184,Midgardsormr,65
True,2884,99,H'vy Byeshnasti,False,1710540183,Midgardsormr,65
True,2884,99,H'vy Byeshnasti,False,1710540182,Midgardsormr,65
True,2992,99,Juro Bo,False,1710540062,Gilgamesh,63
True,2992,99,Juro Bo,False,1710540061,Gilgamesh,63
True,2928,99,Ashling Hayatt,False,1710540022,Adamantoise,73
True,2894,99,Emma Bright,False,1710539587,Sargatanas,99
False,1500,30,Emma Bright,False,1710539511,Sargatanas,99
True,2819,25,Coeli Yascaret,False,1710538206,Jenova,40
True,2819,25,Coeli Yascaret,False,1710538203,Jenova,40
True,2992,99,Eirene Alinac,False,1710537465,Gilgamesh,63
True,2894,99,Yuzu Althyk,False,1710535451,Sargatanas,99
True,2932,33,Cydnus Promisee,False,1710534304,Adamantoise,73
True,2894,99,Nyx Valeriant,False,1710532555,Sargatanas,99
True,2990,99,Gwinna Thoulthe,False,1710532524,Faerie,54
True,2893,99,Natsuki T'homas,False,1710531628,Sargatanas,99
True,3453,99,Evalara Fayth,False,1710528035,Siren,57
True,3453,99,Evalara Fayth,False,1710528025,Siren,57
True,3453,99,Evalara Fayth,False,1710528023,Siren,57
True,3453,99,Evalara Fayth,False,1710528022,Siren,57
True,3453,99,Evalara Fayth,False,1710528021,Siren,57
True,3452,87,Evalara Fayth,False,1710528017,Siren,57
True,2849,99,Tiberon Moonscale,False,1710523909,Jenova,40
False,1500,3,Sub Lantics,False,1710522434,Adamantoise,73
True,2991,33,Berlios Craghart,False,1710519887,Faerie,54
True,2827,99,Camellia Yagami,False,1710519486,Jenova,40
True,2820,99,Camellia Yagami,False,1710519485,Jenova,40
True,2820,99,Camellia Yagami,False,1710519484,Jenova,40
True,2819,99,Camellia Yagami,False,1710519482,Jenova,40
True,2819,99,Camellia Yagami,False,1710519481,Jenova,40
True,2819,99,Camellia Yagami,False,1710519480,Jenova,40
True,2819,99,Camellia Yagami,False,1710519479,Jenova,40
True,2819,99,Camellia Yagami,False,1710519478,Jenova,40
True,2817,99,Camellia Yagami,False,1710519476,Jenova,40
True,2895,99,Ankirah Astrophel,False,1710516721,Sargatanas,99
True,2999,99,Gannon Thunderchad,False,1710508733,Siren,57
True,2992,99,Yamanami San,False,1710505366,Faerie,54
True,2884,99,Cedryk Magi,False,1710493217,Midgardsormr,65
True,2933,99,Soda Shop,False,1710491145,Adamantoise,73
True,2998,33,Royal Paws,False,1710489858,Cactuar,79
True,2896,99,Collie Stella,False,1710482412,Sargatanas,99
True,2995,99,Koro Kokoro,False,1710480893,Gilgamesh,63
True,1500,13,Yench Meister,False,1710479686,Cactuar,79
False,1500,45,Final Fantasyxiv,False,1710479264,Sargatanas,99
True,2885,99,Angi Ayaya,False,1710479082,Midgardsormr,65
True,2819,99,Arya Lillawen,False,1710479022,Jenova,40
True,2819,99,Arya Lillawen,False,1710479017,Jenova,40
True,2999,99,Robert Manthanein,False,1710477811,Adamantoise,73
True,2957,99,Robert Manthanein,False,1710477808,Adamantoise,73
True,2899,25,Nozomi Duskheart,False,1710477758,Sargatanas,99
True,2885,25,Alexander Leonhardt,False,1710477683,Midgardsormr,65
True,2885,25,Alexander Leonhardt,False,1710477681,Midgardsormr,65
True,2885,25,Alexander Leonhardt,False,1710477680,Midgardsormr,65
True,2885,25,Alexander Leonhardt,False,1710477678,Midgardsormr,65
True,2819,25,Muxxic Yomby,False,1710477236,Jenova,40
True,2999,12,Nozomi Duskheart,False,1710475886,Siren,57
True,2995,25,Millueda Folles,False,1710475620,Gilgamesh,63
True,2995,25,Ashelynn Aeria,False,1710474854,Gilgamesh,63
True,2998,33,Ayleth Fulke,False,1710474035,Cactuar,79
True,2995,25,Zenith Echo,False,1710472947,Gilgamesh,63
True,2886,25,Kira Verdal,False,1710472845,Midgardsormr,65
True,2886,25,Kira Verdal,False,1710472844,Midgardsormr,65
True,2886,25,Kira Verdal,False,1710472427,Midgardsormr,65
True,2992,99,Lu Ylva,False,1710472330,Faerie,54
True,2886,25,Simply That-one,False,1710471932,Midgardsormr,65
True,2999,99,Chetana Silverfang,False,1710471693,Siren,57
True,2992,33,Yuuki Kawanami,False,1710471295,Faerie,54
True,2995,99,Peaches Sanscream,False,1710470891,Gilgamesh,63
True,2936,99,Sho Faeshyndyr,False,1710469742,Adamantoise,73
True,2889,99,Emma Aldar,False,1710469234,Midgardsormr,65
True,2889,99,Minessa Malachite,False,1710468419,Midgardsormr,65
True,2995,25,Arvel Balliol,False,1710468387,Gilgamesh,63
True,2995,25,Shima Tsushima,False,1710468363,Gilgamesh,63
True,2999,99,Akatsuki Ashiko,False,1710468219,Siren,57
True,2999,99,Akatsuki Ashiko,False,1710468218,Siren,57
True,2903,50,Critical Oatmeal,False,1710467858,Sargatanas,99
True,2903,50,Co Ior,False,1710467681,Sargatanas,99
True,2820,99,Chadhanil Angnath,False,1710467414,Jenova,40
True,2822,72,Asaina Lyra,False,1710467278,Jenova,40
False,1085,5,A'enori Kavnir,False,1710467205,Faerie,54
False,1085,5,A'enori Kavnir,False,1710467204,Faerie,54
False,1085,5,A'enori Kavnir,False,1710467203,Faerie,54
False,1085,5,A'enori Kavnir,False,1710467202,Faerie,54
False,1085,5,A'enori Kavnir,False,1710467201,Faerie,54
False,1085,5,A'enori Kavnir,False,1710467199,Faerie,54
False,1084,3,A'enori Kavnir,False,1710467194,Faerie,54
True,2993,99,A'enori Kavnir,False,1710467191,Faerie,54
True,2889,99,Yun Virmillian,False,1710466974,Midgardsormr,65
True,2995,99,Bora Sho,False,1710466872,Gilgamesh,63
True,2995,99,Bora Sho,False,1710466870,Gilgamesh,63
True,2995,99,Bora Sho,False,1710466869,Gilgamesh,63
True,2900,99,Yuuki Mikazuki,False,1710466692,Sargatanas,99
True,2900,99,Yuuki Mikazuki,False,1710466690,Sargatanas,99
True,2990,11,Irene Dustinox,False,1710466637,Faerie,54
True,2990,11,Irene Dustinox,False,1710466636,Faerie,54
True,2990,15,Irene Dustinox,False,1710466634,Faerie,54
True,2990,20,Irene Dustinox,False,1710466631,Faerie,54
True,2993,99,Irene Dustinox,False,1710466627,Faerie,54
True,3212,33,Kureh'li Molkot,False,1710465562,Cactuar,79
True,2995,99,Math Hater,False,1710465127,Gilgamesh,63
True,2990,20,Vivi Bluesummers,False,1710464885,Faerie,54
True,2825,99,Tisiphone Kore,False,1710464881,Jenova,40
True,2822,99,Keeva Rainfell,False,1710464747,Jenova,40
True,2822,99,Keeva Rainfell,False,1710464745,Jenova,40
True,2995,99,Dong Senpai,False,1710464628,Gilgamesh,63
True,2990,20,Yuuki Kawanami,False,1710464612,Faerie,54
True,2820,99,Ashley Violette,False,1710464580,Jenova,40
True,2820,99,Ashley Violette,False,1710464577,Jenova,40
True,3212,20,Iman Dei'cree,False,1710464556,Cactuar,79
True,3212,33,Aderyn Lunaria,False,1710464553,Cactuar,79
True,2903,50,Jijiyon Rereyon,False,1710464521,Sargatanas,99
True,2989,99,Popomi Pomi,False,1710464475,Faerie,54
True,2999,99,Kismetica Esnerath,False,1710464379,Cactuar,79
True,2820,99,Shadow Plebian,False,1710464134,Jenova,40
True,2938,25,Forsjar Vidir,False,1710464002,Adamantoise,73
True,2820,99,Daisy Aphelion,False,1710463776,Jenova,40
True,2820,99,Daisy Aphelion,False,1710463765,Jenova,40
True,2989,24,Squid Nimbus,False,1710463121,Faerie,54
True,2825,25,Zumin Mirabeau,False,1710463077,Jenova,40
True,2999,99,Lady Arshtat,False,1710462810,Siren,57
True,2935,99,Carley Amastacia,False,1710462806,Adamantoise,73
True,2822,99,Allor Cedar,False,1710462441,Jenova,40
True,2821,84,Forever Sprout,False,1710462281,Jenova,40
True,2998,99,Grigori Dragonheart,False,1710462217,Cactuar,79
True,2999,99,Azure Dragoon,False,1710462012,Siren,57
True,2999,99,Azure Dragoon,False,1710462010,Siren,57
True,2936,99,Isolde Lette,False,1710461916,Adamantoise,73
True,2938,25,Kodi Soulscale,False,1710461797,Adamantoise,73
True,2938,25,Kodi Soulscale,False,1710461783,Adamantoise,73
True,2995,30,Rose Blackstorm,False,1710461482,Cactuar,79
True,2995,30,Rose Blackstorm,False,1710461480,Cactuar,79
True,2999,99,Nearin Ignis,False,1710461319,Siren,57
True,2999,99,Nixacu Murubra,False,1710461309,Siren,57
True,2999,99,Nixacu Murubra,False,1710461306,Siren,57
True,2990,99,Yume Chizu,False,1710460699,Gilgamesh,63
True,2903,99,Shino Shiodome,False,1710460544,Sargatanas,99
True,2821,99,Araquela Chan,False,1710460397,Jenova,40
True,4400,50,Astoria Nightingale,False,1710460199,Siren,57
True,2903,99,Mik Tayunwesfv,False,1710460015,Sargatanas,99
True,3458,99,Mewing Catscene,False,1710459093,Siren,57
True,2821,99,Indigo Violet,False,1710459074,Jenova,40
True,2904,25,Nieriel Mirkwood,False,1710458865,Sargatanas,99
True,2903,99,Wind-up E-girl,False,1710458349,Sargatanas,99
True,2903,99,Wind-up E-girl,False,1710458345,Sargatanas,99
True,2990,20,Mizuzu Mizu,False,1710458180,Faerie,54
True,2821,99,Alice Lovely,False,1710457774,Jenova,40
True,2991,50,Canadian Duck,False,1710457748,Faerie,54
True,2991,50,Canadian Duck,False,1710457747,Faerie,54
True,2991,50,Canadian Duck,False,1710457746,Faerie,54
True,2990,20,Tiru Makudoru,False,1710457304,Faerie,54
True,2990,20,Tiru Makudoru,False,1710457299,Faerie,54
True,2990,25,Tiru Makudoru,False,1710457298,Faerie,54
True,2990,25,Tiru Makudoru,False,1710457297,Faerie,54
True,2904,25,Tyo'ir Tayuun,False,1710457263,Sargatanas,99
True,2936,99,Yomi Takamasu,False,1710456939,Adamantoise,73
True,2889,25,Lute Renais,False,1710456916,Midgardsormr,65
True,2889,25,Lute Renais,False,1710456914,Midgardsormr,65
False,1200,6,Kosai Endo,False,1710455783,Midgardsormr,65
True,3456,12,Nearin Ignis,False,1710455133,Siren,57
True,2997,99,Chou Dofu,False,1710453400,Gilgamesh,63
True,2900,99,Chou Dofu,False,1710453398,Gilgamesh,63
True,2900,99,Chou Dofu,False,1710453396,Gilgamesh,63
True,2813,20,Chou Dofu,False,1710453395,Gilgamesh,63
True,2886,99,Chou Dofu,False,1710453394,Gilgamesh,63
True,2808,33,Chou Dofu,False,1710453393,Gilgamesh,63
True,2800,69,Chou Dofu,False,1710453391,Gilgamesh,63
True,2798,27,Chou Dofu,False,1710453390,Gilgamesh,63
True,2797,20,Chou Dofu,False,1710453389,Gilgamesh,63
True,2797,20,Chou Dofu,False,1710453388,Gilgamesh,63
True,2900,99,Chou Dofu,False,1710453386,Gilgamesh,63
True,2889,25,Valini Vali,False,1710452730,Midgardsormr,65
True,2822,99,Felty Sylmeria,False,1710452233,Jenova,40
True,2825,25,Coeli Yascaret,False,1710451493,Jenova,40
True,2825,25,Coeli Yascaret,False,1710451490,Jenova,40
False,1199,6,Kosai Endo,False,1710451277,Midgardsormr,65
True,2799,20,Sophie Otoel,False,1710450335,Gilgamesh,63
True,2904,25,Aion Gauweyn,False,1710450242,Sargatanas,99
True,2904,25,Hajime Strider,False,1710448673,Sargatanas,99
True,2992,25,Mizuzu Mizu,False,1710448132,Faerie,54
True,2797,25,Cake Anarchy,False,1710448003,Gilgamesh,63
True,2797,25,Cake Anarchy,False,1710447999,Gilgamesh,63
True,2995,30,Dubhnall Macgreumach,False,1710447782,Cactuar,79
True,2824,99,Eyrilona Tylwyn,False,1710447599,Jenova,40
True,2824,99,Eyrilona Tylwyn,False,1710447598,Jenova,40
True,2904,99,Cole Squeaker,False,1710446585,Sargatanas,99
True,2797,25,Syilv Larken,False,1710444875,Gilgamesh,63
True,2887,30,Lindra Alzam,False,1710441849,Midgardsormr,65
True,2992,15,Miss' You,False,1710441524,Faerie,54
True,2992,15,Miss' You,False,1710441523,Faerie,54
True,2992,15,Miss' You,False,1710441521,Faerie,54
True,2992,30,Miss' You,False,1710441520,Faerie,54
True,2886,99,Jjjjj Aaaaaaaaaaaaaaa,False,1710441298,Midgardsormr,65
True,2938,25,Soul Pierce,False,1710439982,Adamantoise,73
True,2938,99,Nononi Noni,False,1710438652,Adamantoise,73
True,2824,99,Saki Kyoko,False,1710437167,Jenova,40
True,2938,99,Lorien Vala,False,1710436735,Adamantoise,73
True,2904,99,Bonkey Kong,False,1710436560,Sargatanas,99
True,2887,45,Winters Edge,False,1710436412,Midgardsormr,65
True,2886,99,Sakura Sasaki,False,1710434809,Midgardsormr,65
True,2797,99,Nayne Saghil,False,1710434060,Gilgamesh,63
True,2993,99,Kat Lunar,False,1710430679,Faerie,54
True,2824,99,Yhumi Miyei,False,1710430290,Jenova,40
True,2797,25,Wish Holmes,False,1710430155,Gilgamesh,63
True,2797,99,Wish Holmes,False,1710430148,Gilgamesh,63
True,2797,99,Wish Holmes,False,1710430147,Gilgamesh,63
True,2797,25,Nam Hangyeol,False,1710427025,Gilgamesh,63
True,4400,50,Tracy Starchaser,False,1710425912,Siren,57
True,2992,99,Ozzy Ocelot,False,1710425480,Faerie,54
True,2797,99,Dororo Doro,False,1710425062,Gilgamesh,63
True,2797,99,Dororo Doro,False,1710425061,Gilgamesh,63
True,2904,99,Shuu San,False,1710423652,Sargatanas,99
True,2938,25,Mydrede Kirkk,False,1710421746,Adamantoise,73
True,2992,99,Kallie Kat,False,1710420894,Faerie,54
True,3000,99,Cloudy Vibes,False,1710410735,Cactuar,79
True,3000,99,Cloudy Vibes,False,1710410732,Cactuar,79
True,2904,25,Co Ior,False,1710409931,Sargatanas,99
True,2824,99,Mister Wonderful,False,1710409397,Jenova,40
True,2905,99,Emma Bright,False,1710407416,Sargatanas,99
True,2797,99,Bobo Master,False,1710407400,Gilgamesh,63
True,2993,11,Qin Yu,False,1710405764,Faerie,54
True,2993,15,Qin Yu,False,1710405763,Faerie,54
True,2797,99,Darling Miia,False,1710405524,Gilgamesh,63
True,2905,25,Nozomi Duskheart,False,1710405270,Sargatanas,99
True,2400,10,Kai Beryl,False,1710402097,Midgardsormr,65
True,2400,10,Kai Beryl,False,1710402096,Midgardsormr,65
True,2400,10,Kai Beryl,False,1710402094,Midgardsormr,65
True,2889,99,Ren Jetstream,False,1710399954,Midgardsormr,65
True,2889,99,Ren Jetstream,False,1710399952,Midgardsormr,65
True,2797,99,Hipster Trash,False,1710399547,Gilgamesh,63
True,2797,99,Hipster Trash,False,1710399546,Gilgamesh,63
True,2797,99,Hipster Trash,False,1710399544,Gilgamesh,63
True,2829,25,Neko Punch,False,1710399528,Jenova,40
False,1800,3,Sara Lovejoy,False,1710399269,Cactuar,79
True,2829,99,Sputnik Radovanovic,False,1710395945,Jenova,40
True,2829,99,Sputnik Radovanovic,False,1710395943,Jenova,40
True,2829,99,Sputnik Radovanovic,False,1710395942,Jenova,40
True,2829,25,Deirdre Schwarz,False,1710394485,Jenova,40
True,2939,99,Kumquatz Yeah,False,1710392703,Adamantoise,73
True,2835,99,Camellia Yagami,False,1710392173,Jenova,40
True,2835,99,Camellia Yagami,False,1710392172,Jenova,40
True,2835,99,Camellia Yagami,False,1710392171,Jenova,40
True,2835,99,Camellia Yagami,False,1710392170,Jenova,40
True,2829,99,Camellia Yagami,False,1710392167,Jenova,40
True,2829,99,Camellia Yagami,False,1710392166,Jenova,40
True,2829,99,Camellia Yagami,False,1710392165,Jenova,40
True,2829,99,Camellia Yagami,False,1710392164,Jenova,40
True,2829,99,Camellia Yagami,False,1710392163,Jenova,40
True,2828,99,Camellia Yagami,False,1710392161,Jenova,40
True,2939,99,Ujin Bolir,False,1710392130,Adamantoise,73
True,2939,99,Shiroyuki Kigami,False,1710391246,Adamantoise,73
True,2906,99,Jyren Forgyle,False,1710390901,Sargatanas,99
True,2766,10,Largeus Donjus,False,1710390742,Cactuar,79
True,2499,30,Largeus Donjus,False,1710390739,Cactuar,79
True,2499,30,Largeus Donjus,False,1710390738,Cactuar,79
True,2499,30,Largeus Donjus,False,1710390737,Cactuar,79
True,2499,30,Largeus Donjus,False,1710390736,Cactuar,79
True,2499,30,Largeus Donjus,False,1710390734,Cactuar,79
True,2939,99,Purple Solus,False,1710389682,Adamantoise,73
True,2939,99,Purple Solus,False,1710389680,Adamantoise,73
True,2939,99,Purple Solus,False,1710389678,Adamantoise,73
True,2994,50,Shiba Sheik,False,1710389658,Faerie,54
True,2805,99,Camellia Yagami,False,1710389594,Gilgamesh,63
True,2805,99,Camellia Yagami,False,1710389593,Gilgamesh,63
True,2805,99,Camellia Yagami,False,1710389592,Gilgamesh,63
True,2939,99,Mega Jutsu,False,1710389591,Adamantoise,73
True,2805,99,Camellia Yagami,False,1710389591,Gilgamesh,63
True,2805,99,Camellia Yagami,False,1710389590,Gilgamesh,63
True,2804,99,Camellia Yagami,False,1710389589,Gilgamesh,63
True,2939,99,Mega Jutsu,False,1710389588,Adamantoise,73
True,2804,99,Camellia Yagami,False,1710389588,Gilgamesh,63
True,2804,99,Camellia Yagami,False,1710389587,Gilgamesh,63
True,2804,99,Camellia Yagami,False,1710389586,Gilgamesh,63
True,2804,99,Camellia Yagami,False,1710389585,Gilgamesh,63
True,2499,30,Camellia Yagami,False,1710389469,Cactuar,79
True,2499,30,Camellia Yagami,False,1710389468,Cactuar,79
True,2499,30,Camellia Yagami,False,1710389467,Cactuar,79
True,2804,99,Peppermint Latte,False,1710389410,Gilgamesh,63
True,2766,10,Ruhan Zelmark,False,1710389146,Cactuar,79
True,2766,10,Ruhan Zelmark,False,1710389144,Cactuar,79
True,2994,50,A'lex Andra,False,1710388676,Faerie,54
True,2992,50,A'lex Andra,False,1710388673,Faerie,54
True,2939,25,Colele Cole,False,1710387816,Adamantoise,73
True,2939,25,Colele Cole,False,1710387814,Adamantoise,73
False,999,6,Sanguinius Zadkiel,False,1710387700,Midgardsormr,65
False,998,6,Sanguinius Zadkiel,False,1710387699,Midgardsormr,65
False,969,21,Sanguinius Zadkiel,False,1710387695,Midgardsormr,65
True,2992,30,Tarutaru Lannister,False,1710387643,Faerie,54
True,3458,99,Kreshull Naeuri,False,1710387389,Siren,57
True,4400,50,Anneliese Heart,False,1710386875,Siren,57
True,2499,33,Alicia Sachiko,False,1710386394,Cactuar,79
True,2890,25,Nutmeg Ryan,False,1710386358,Midgardsormr,65
True,2890,99,Masquerade Cryaz,False,1710385766,Midgardsormr,65
True,2907,99,Damage Downs,False,1710385679,Sargatanas,99
True,2890,99,Avalyirnn Gimbil,False,1710385644,Midgardsormr,65
True,3458,99,Hibari Meiken,False,1710385321,Siren,57
True,2992,99,P'fhiroh Falh,False,1710385107,Faerie,54
True,2992,99,P'fhiroh Falh,False,1710385105,Faerie,54
True,2890,99,Kisa Sashihai,False,1710384682,Midgardsormr,65
True,2907,99,Bio Roxas,False,1710384378,Sargatanas,99
True,2804,20,Naomi Kudelia,False,1710383994,Gilgamesh,63
True,2804,20,Naomi Kudelia,False,1710383993,Gilgamesh,63
True,2939,25,Snow Parvus,False,1710383564,Adamantoise,73
True,2805,99,Kalorea Redtail,False,1710382988,Gilgamesh,63
True,2805,99,Da Monkey,False,1710382897,Gilgamesh,63
True,2805,99,Da Monkey,False,1710382896,Gilgamesh,63
True,2833,99,Gaai Rhone,False,1710382596,Jenova,40
True,2499,33,Lin Lin,False,1710382339,Cactuar,79
True,2833,25,Ume Bugai,False,1710382220,Jenova,40
True,2499,30,Marii Ru,False,1710382191,Cactuar,79
True,2908,25,Delicat Salvant,False,1710382074,Sargatanas,99
True,2908,25,Delicat Salvant,False,1710382072,Sargatanas,99
True,2834,99,Ashe Valtas,False,1710381675,Jenova,40
True,2805,99,Open Ai,False,1710381487,Gilgamesh,63
True,2499,33,Maribelle Meowiekins,False,1710381114,Cactuar,79
True,2890,99,Lucky Thir'teen,False,1710380965,Midgardsormr,65
True,2499,33,Deep Trouble,False,1710380857,Cactuar,79
True,2499,33,Deep Trouble,False,1710380856,Cactuar,79
True,2499,33,Deep Trouble,False,1710380854,Cactuar,79
True,2498,20,Deep Trouble,False,1710380853,Cactuar,79
True,2498,20,Deep Trouble,False,1710380851,Cactuar,79
True,2498,20,Deep Trouble,False,1710380850,Cactuar,79
True,2834,99,Karatha Noykin,False,1710380815,Jenova,40
True,3458,99,Miyuki Doi,False,1710380265,Siren,57
True,2805,25,Boodini Fleuret,False,1710380245,Gilgamesh,63
True,2805,25,Boodini Fleuret,False,1710380241,Gilgamesh,63
True,2498,20,Dream Love,False,1710380198,Cactuar,79
True,2498,20,Dream Love,False,1710380195,Cactuar,79
True,2865,20,Rune Wright,False,1710379877,Jenova,40
True,2838,25,Setsuna Galeheart,False,1710379634,Jenova,40
True,2838,25,Setsuna Galeheart,False,1710379633,Jenova,40
True,2992,33,Chaenge Rehw-bidittir,False,1710379579,Faerie,54
True,2992,33,Ghostly Echo,False,1710379522,Faerie,54
True,2992,33,Ghostly Echo,False,1710379520,Faerie,54
True,2992,33,Ghostly Echo,False,1710379518,Faerie,54
True,2992,33,Ghostly Echo,False,1710379516,Faerie,54
True,2992,33,Ghostly Echo,False,1710379514,Faerie,54
True,2993,15,Arisu Ahane,False,1710379494,Faerie,54
True,2993,15,Arisu Ahane,False,1710379493,Faerie,54
True,2993,15,Arisu Ahane,False,1710379490,Faerie,54
True,2838,25,Ashah Rhel,False,1710379373,Jenova,40
True,2805,25,Tseya Aryn,False,1710379229,Gilgamesh,63
True,2805,99,Holysky Tatsuo,False,1710379215,Gilgamesh,63
True,2805,25,Tseya Aryn,False,1710379213,Gilgamesh,63
True,2499,33,Fei Sol,False,1710378584,Cactuar,79
True,2891,99,Norimu Gamirimu,False,1710378358,Midgardsormr,65
True,2909,99,Aura Blossom,False,1710378339,Sargatanas,99
True,2992,33,Shion Yukimura,False,1710378119,Faerie,54
True,2992,33,Shion Yukimura,False,1710378118,Faerie,54
True,2992,33,Shion Yukimura,False,1710378117,Faerie,54
True,2806,20,Sinari Saki,False,1710377886,Gilgamesh,63
True,2806,20,Sinari Saki,False,1710377884,Gilgamesh,63
True,2805,99,Kira Misu,False,1710377801,Gilgamesh,63
True,2805,99,Kira Misu,False,1710377799,Gilgamesh,63
True,2805,99,Bento Box,False,1710377738,Gilgamesh,63
True,2840,99,Banh Miopla,False,1710377387,Jenova,40
True,2808,33,Axel Leingod,False,1710376515,Gilgamesh,63
True,2499,33,Ara Bell,False,1710376345,Cactuar,79
False,1700,3,Ara Bell,False,1710376340,Cactuar,79
False,1699,3,Ara Bell,False,1710376339,Cactuar,79
True,2499,33,Nicanor Palazzo,False,1710376242,Cactuar,79
True,2499,33,Nicanor Palazzo,False,1710376241,Cactuar,79
True,2499,33,Nicanor Palazzo,False,1710376240,Cactuar,79
True,2865,10,Equilibrium Trytlandi,False,1710376197,Jenova,40
True,2499,33,Definitely Pirates,False,1710376156,Cactuar,79
True,2499,33,Definitely Pirates,False,1710376154,Cactuar,79
True,2992,33,Jollywolly Minecraft,False,1710376053,Faerie,54
True,2992,33,Jollywolly Minecraft,False,1710376049,Faerie,54
True,2992,33,Jollywolly Minecraft,False,1710376048,Faerie,54
True,2843,40,Astro Logian,False,1710376017,Jenova,40
True,2498,99,Clotho Prima,False,1710376003,Cactuar,79
True,2855,40,Verity Vaeth,False,1710374694,Jenova,40
True,2800,99,Axis Seraxis,False,1710374468,Gilgamesh,63
True,2909,99,Auntie Dot,False,1710374456,Sargatanas,99
True,2909,99,Auntie Dot,False,1710374454,Sargatanas,99
True,2909,99,Auntie Dot,False,1710374452,Sargatanas,99
True,2909,99,Auntie Dot,False,1710374450,Sargatanas,99
True,2909,99,Auntie Dot,False,1710374448,Sargatanas,99
True,2807,20,Xev Valeriya,False,1710373967,Gilgamesh,63
True,2940,99,Moddey Dhoo,False,1710373398,Adamantoise,73
True,2499,33,Haru Kimineta,False,1710373285,Cactuar,79
True,2992,33,Zaela In'qari,False,1710373067,Faerie,54
True,2893,25,Marrick Bahamut,False,1710372884,Midgardsormr,65
True,2890,9,Marrick Bahamut,False,1710372881,Midgardsormr,65
True,2992,33,Tyo Moonfell,False,1710372828,Faerie,54
True,2991,99,Yata Garusu,False,1710372723,Faerie,54
True,2844,99,Zelalyn Shikama,False,1710372615,Jenova,40
True,2844,99,Zelalyn Shikama,False,1710372614,Jenova,40
True,2806,99,Itachi Otsutsuki,False,1710372033,Gilgamesh,63
True,2909,99,Valm Silveredged,False,1710372016,Sargatanas,99
True,2893,25,Shaun Shaun,False,1710371687,Midgardsormr,65
True,2893,25,Shaun Shaun,False,1710371685,Midgardsormr,65
True,2992,33,K'ibame Aldwynne,False,1710371417,Faerie,54
True,2992,33,K'ibame Aldwynne,False,1710371414,Faerie,54
True,2889,99,Lind Lecuyer,False,1710371233,Midgardsormr,65
True,2893,25,Azure Regius,False,1710371150,Midgardsormr,65
True,2844,99,Tequila Dotts,False,1710370860,Jenova,40
True,3943,33,Zehne Dusk,False,1710370721,Siren,57
True,3457,99,Remi Hime,False,1710369729,Siren,57
True,2855,40,Celenar Karas,False,1710369268,Jenova,40
True,2848,99,Kino Reinhardt,False,1710366050,Jenova,40
True,2499,33,Rotom Mai,False,1710365469,Cactuar,79
True,3459,99,Santhier Ukildr,False,1710364785,Siren,57
True,3459,99,Santhier Ukildr,False,1710364783,Siren,57
True,3458,99,Santhier Ukildr,False,1710364782,Siren,57
True,2996,99,Erasme Ixchel,False,1710364263,Faerie,54
True,2499,33,Wind Tempos,False,1710360682,Cactuar,79
True,2499,33,Wind Tempos,False,1710360681,Cactuar,79
True,2499,33,Wind Tempos,False,1710360680,Cactuar,79
True,2891,99,Zana Bajhiri,False,1710359590,Midgardsormr,65
True,2941,25,Fiernia Phlegathos,False,1710358751,Adamantoise,73
True,2499,33,Buna'li Werantel,False,1710358597,Cactuar,79
True,2499,33,Buna'li Werantel,False,1710358594,Cactuar,79
True,2498,99,Buna'li Werantel,False,1710358591,Cactuar,79
True,2499,33,Purple Naruga,False,1710356975,Cactuar,79
True,2893,25,Azure Regius,False,1710354811,Midgardsormr,65
True,2890,99,Izana Kah,False,1710353022,Midgardsormr,65
True,2854,99,Rupert Fields,False,1710352462,Jenova,40
True,2854,99,Rupert Fields,False,1710352456,Jenova,40
True,2816,20,Syilv Larken,False,1710350707,Gilgamesh,63
True,2890,99,Rizen Ceaser,False,1710348909,Midgardsormr,65
True,3458,99,Valiaa Masume,False,1710348713,Siren,57
True,2808,99,Sair Hyskaris,False,1710347936,Gilgamesh,63
True,2808,99,Sair Hyskaris,False,1710347935,Gilgamesh,63
True,2499,33,Juunko Juunko,False,1710347920,Cactuar,79
True,2499,33,Juunko Juunko,False,1710347919,Cactuar,79
True,2498,99,Juunko Juunko,False,1710347918,Cactuar,79
True,2808,99,Charlotte Noctiluca,False,1710346368,Gilgamesh,63
True,2808,99,Anthar Murden,False,1710345773,Gilgamesh,63
True,3942,33,Daniil Kagon,False,1710344322,Siren,57
True,2499,40,Mizuki Yumitori,False,1710336905,Cactuar,79
True,2816,20,Grand Cannon,False,1710336319,Gilgamesh,63
True,2499,33,Audrey Aldumea,False,1710335158,Cactuar,79
True,2499,33,Audrey Aldumea,False,1710335153,Cactuar,79
True,2499,33,Audrey Aldumea,False,1710335151,Cactuar,79
True,2499,33,Aiko Koyomi,False,1710329328,Cactuar,79
True,2499,33,Aiko Koyomi,False,1710329326,Cactuar,79
True,2911,99,Bonkey Kong,False,1710328124,Sargatanas,99
True,2940,30,Khulan Sagahl,False,1710326043,Adamantoise,73
True,2941,99,Khulan Sagahl,False,1710326042,Adamantoise,73
True,2499,33,Moka Tamamitsune,False,1710323763,Cactuar,79
True,2499,33,Moka Tamamitsune,False,1710323762,Cactuar,79
True,2809,99,Okie Dokie,False,1710321047,Gilgamesh,63
True,2997,33,Gurrarn Zirnfarr,False,1710319727,Faerie,54
True,2997,33,Gurrarn Zirnfarr,False,1710319725,Faerie,54
True,2997,33,Gurrarn Zirnfarr,False,1710319724,Faerie,54
True,3271,33,Peter Tinklage,False,1710318676,Midgardsormr,65
True,2866,99,Ike Takeda,False,1710315263,Jenova,40
True,2998,99,Zenis Coltorano,False,1710314945,Faerie,54
True,2894,99,Youjin Hwarang,False,1710314663,Midgardsormr,65
True,2814,90,Camellia Yagami,False,1710314153,Gilgamesh,63
True,2809,99,Camellia Yagami,False,1710314131,Gilgamesh,63
True,2809,99,Camellia Yagami,False,1710314130,Gilgamesh,63
True,2809,99,Camellia Yagami,False,1710314129,Gilgamesh,63
True,2809,99,Camellia Yagami,False,1710314128,Gilgamesh,63
True,2808,99,Camellia Yagami,False,1710314127,Gilgamesh,63
True,2808,99,Camellia Yagami,False,1710314126,Gilgamesh,63
True,2808,99,Camellia Yagami,False,1710314125,Gilgamesh,63
True,2808,99,Camellia Yagami,False,1710314124,Gilgamesh,63
True,2808,99,Camellia Yagami,False,1710314122,Gilgamesh,63
True,2808,99,Camellia Yagami,False,1710314121,Gilgamesh,63
True,2925,50,Nozomi Duskheart,False,1710313865,Sargatanas,99
True,2998,99,Scootie Bootie,False,1710313822,Faerie,54
True,2894,99,Jjjjj Aaaaaaaaaaaaaaa,False,1710312429,Midgardsormr,65
True,2868,25,Butter Baby,False,1710311286,Jenova,40
True,2867,99,Elevation Xx,False,1710310185,Jenova,40
True,2998,99,Purrnyan Mew'uwu,False,1710309875,Faerie,54
True,2998,99,Auron Agito,False,1710309540,Faerie,54
True,2199,69,Hipster Trash,False,1710307439,Cactuar,79
True,2499,99,Ai Oto,False,1710307068,Cactuar,79
True,2811,99,Fake Positivity,False,1710305681,Gilgamesh,63
True,2813,99,Angel Despair,False,1710303576,Gilgamesh,63
True,2813,99,Angel Despair,False,1710303566,Gilgamesh,63
True,2998,33,Siksta Sonear,False,1710302601,Faerie,54
True,2895,25,Mira Pamjah,False,1710301746,Midgardsormr,65
True,2499,33,Minato Hokage,False,1710300992,Cactuar,79
True,2914,25,Nozomi Duskheart,False,1710300609,Sargatanas,99
True,2813,25,Marcellain Solenarte,False,1710300597,Gilgamesh,63
True,2813,25,Marcellain Solenarte,False,1710300594,Gilgamesh,63
True,2199,99,Borde Stalvox,False,1710300205,Cactuar,79
True,2895,25,Violet Arkwright,False,1710300035,Midgardsormr,65
True,2942,99,Elevon Day,False,1710300009,Adamantoise,73
True,2942,99,Elevon Day,False,1710300003,Adamantoise,73
True,2499,33,Deusmortis Dominus,False,1710299856,Cactuar,79
True,2895,99,Velka Redrhi,False,1710299843,Midgardsormr,65
True,2813,99,Borde Stalvox,False,1710299592,Gilgamesh,63
True,3459,99,Cheri Desrosiers,False,1710299548,Siren,57
True,2913,99,Ruby Reminisce,False,1710298962,Sargatanas,99
True,2200,99,Sun Rosa,False,1710298853,Cactuar,79
True,2895,25,Simply That-one,False,1710298665,Midgardsormr,65
True,2998,33,Gurrarn Zirnfarr,False,1710298613,Faerie,54
True,2998,33,Gurrarn Zirnfarr,False,1710298611,Faerie,54
True,2998,33,Gurrarn Zirnfarr,False,1710298610,Faerie,54
True,2999,99,Baryon Trevelyan,False,1710298487,Faerie,54
True,2997,99,Baryon Trevelyan,False,1710298476,Faerie,54
True,2997,99,Baryon Trevelyan,False,1710298465,Faerie,54
True,2997,99,Baryon Trevelyan,False,1710298462,Faerie,54
True,2997,99,Baryon Trevelyan,False,1710298461,Faerie,54
True,2996,99,Baryon Trevelyan,False,1710298459,Faerie,54
True,2996,99,Inga Ryuugu,False,1710298061,Faerie,54
True,2941,99,Ruby Althor,False,1710297980,Adamantoise,73
True,2813,25,R'vhasa Avci,False,1710297484,Gilgamesh,63
True,2997,99,Hanae Lofi,False,1710297327,Faerie,54
True,2998,33,Astrid Rain,False,1710297041,Faerie,54
True,2883,25,Muxxic Yomby,False,1710296933,Jenova,40
True,2915,99,Catboy Boycat,False,1710296892,Sargatanas,99
True,2199,99,Captain Grimlock,False,1710296641,Cactuar,79
True,2499,33,Kar'ti Elmnyra,False,1710296386,Cactuar,79
True,2878,40,Absolute Zero,False,1710296117,Jenova,40
True,2874,99,Absolute Zero,False,1710296094,Jenova,40
True,2895,25,Tianika Vien'se,False,1710296060,Midgardsormr,65
True,2895,25,Tianika Vien'se,False,1710296059,Midgardsormr,65
True,2895,99,Sir Bladeykins,False,1710295850,Midgardsormr,65
True,2895,99,Sir Bladeykins,False,1710295848,Midgardsormr,65
True,2815,25,Dahnshu Kenzaki,False,1710295783,Gilgamesh,63
True,2918,25,Ren Otsuka,False,1710295227,Sargatanas,99
True,2996,25,Turakina Elec,False,1710295211,Faerie,54
True,2800,99,Millueda Folles,False,1710295207,Gilgamesh,63
True,2944,25,Forsjar Vidir,False,1710294568,Adamantoise,73
True,2895,25,Malxiera Vayssiere,False,1710294427,Midgardsormr,65
True,2895,25,Malxiera Vayssiere,False,1710294417,Midgardsormr,65
True,2815,25,Mirabelle Lune,False,1710294362,Gilgamesh,63
True,2917,99,Kara Midare,False,1710293568,Sargatanas,99
True,2499,33,Yona Musa,False,1710293564,Cactuar,79
True,2917,99,Kokoga Koga,False,1710293495,Sargatanas,99
True,3943,33,Kuroki Bread,False,1710293156,Siren,57
True,2879,99,Curacion Immortallis,False,1710293130,Jenova,40
True,2199,99,Zoe Starlight,False,1710293030,Cactuar,79
True,2895,99,Hanami Kiyotaka,False,1710292890,Midgardsormr,65
True,2895,99,Hanami Kiyotaka,False,1710292889,Midgardsormr,65
True,2944,25,Yenrii Averin,False,1710292798,Adamantoise,73
True,2944,99,Warm Cold,False,1710292398,Adamantoise,73
True,2200,99,Hyper Android,False,1710292299,Cactuar,79
True,2499,33,Naomi Kudelia,False,1710292179,Cactuar,79
True,2200,99,Jade Quarry,False,1710292176,Cactuar,79
True,2200,99,Jade Quarry,False,1710292174,Cactuar,79
True,2200,99,Jade Quarry,False,1710292172,Cactuar,79
True,2199,99,Jade Quarry,False,1710292171,Cactuar,79
True,2869,33,Seraphine Rosenthal,False,1710292022,Midgardsormr,65
True,2199,99,Toanl Ixtac,False,1710291911,Cactuar,79
True,2944,99,Kichiji Vonilla,False,1710291842,Adamantoise,73
True,3461,99,Leon Tartaros,False,1710291791,Siren,57
True,3460,99,Allete Fay,False,1710291515,Siren,57
True,2815,25,Tseya Aryn,False,1710291182,Gilgamesh,63
True,2815,99,Cogi Myun,False,1710290428,Gilgamesh,63
True,2815,99,Cogi Myun,False,1710290426,Gilgamesh,63
True,2200,99,Kaya Caprea,False,1710290120,Cactuar,79
True,2200,99,Kaya Caprea,False,1710290111,Cactuar,79
True,2815,99,Leona Strife,False,1710289837,Gilgamesh,63
True,2815,99,Leona Strife,False,1710289831,Gilgamesh,63
True,2815,99,Leona Strife,False,1710289830,Gilgamesh,63
True,2815,99,Rema Suri,False,1710289055,Gilgamesh,63
True,2200,99,Tie Die,False,1710289044,Cactuar,79
True,2200,99,Tie Die,False,1710289043,Cactuar,79
True,2200,99,Tie Die,False,1710289041,Cactuar,79
True,2921,25,Yugami Mihgo,False,1710288873,Sargatanas,99
True,2895,99,Thumper Good,False,1710288449,Midgardsormr,65
True,3463,19,Swiftstory Sunspeaker,False,1710288180,Siren,57
True,2998,33,Torashiki Yatsurugi,False,1710287712,Faerie,54
True,2499,33,Vissi Corwell,False,1710287480,Cactuar,79
False,1500,75,Garlic Butterstorm,False,1710287424,Sargatanas,99
True,2499,33,Scharhrot Vampyr,False,1710286911,Cactuar,79
True,2499,33,Scharhrot Vampyr,False,1710286908,Cactuar,79
True,2498,99,Sunny Annum,False,1710286274,Cactuar,79
True,2498,99,Valm Silveredged,False,1710285629,Cactuar,79
True,2922,99,Olivier Couture,False,1710285253,Sargatanas,99
True,2890,99,Rhys Delanousi,False,1710285180,Jenova,40
True,2766,10,Haru Kimineta,False,1710284855,Cactuar,79
True,2922,99,Google Maps,False,1710284759,Sargatanas,99
True,2921,99,Google Maps,False,1710284757,Sargatanas,99
True,2891,91,Skishi Squishi,False,1710284711,Jenova,40
True,2890,99,Mephisto Baelfire,False,1710284684,Jenova,40
True,2890,99,Mephisto Baelfire,False,1710284683,Jenova,40
True,2890,99,Sathanius Heller,False,1710284604,Faerie,54
True,2889,10,Sathanius Heller,False,1710284602,Faerie,54
True,2889,10,Sathanius Heller,False,1710284601,Faerie,54
True,2889,11,Sathanius Heller,False,1710284598,Faerie,54
True,2889,11,Sathanius Heller,False,1710284596,Faerie,54
True,2889,11,Sathanius Heller,False,1710284594,Faerie,54
True,3463,20,Online Presence,False,1710284473,Siren,57
True,3463,20,Online Presence,False,1710284471,Siren,57
True,3463,20,Online Presence,False,1710284470,Siren,57
True,3463,20,Aqua Aura,False,1710284327,Siren,57
True,2890,99,Alderamin Incarnata,False,1710283588,Jenova,40
True,2890,99,Kioshi Yasu,False,1710283138,Jenova,40
True,2816,20,Purple Naruga,False,1710282997,Gilgamesh,63
True,2816,20,Purple Naruga,False,1710282973,Gilgamesh,63
True,3498,99,Tv Boy,False,1710282595,Siren,57
True,2817,99,Yatsumi Sonohara,False,1710282592,Gilgamesh,63
True,2817,99,Yatsumi Sonohara,False,1710282590,Gilgamesh,63
True,2498,99,Cordia Lycoris,False,1710282584,Cactuar,79
True,2497,30,Cordia Lycoris,False,1710282576,Cactuar,79
True,2497,30,Cordia Lycoris,False,1710282574,Cactuar,79
True,2945,93,Albrecht Behelar,False,1710282213,Adamantoise,73
True,2889,11,Auroria Inocencio,False,1710279665,Faerie,54
True,2889,15,Auroria Inocencio,False,1710279663,Faerie,54
True,2889,15,Auroria Inocencio,False,1710279661,Faerie,54
True,2818,20,Zanza Xen,False,1710278171,Gilgamesh,63
True,2820,99,Zanza Xen,False,1710278166,Gilgamesh,63
True,2891,20,Felur Yllius,False,1710278091,Jenova,40
True,2897,99,Lisset Undina,False,1710276841,Midgardsormr,65
True,2896,99,Aoki Gleam,False,1710276078,Midgardsormr,65
True,2896,99,Aoki Gleam,False,1710276076,Midgardsormr,65
True,2896,99,Aoki Gleam,False,1710276075,Midgardsormr,65
True,2891,10,Diz Reinhardt,False,1710275711,Jenova,40
True,2891,10,Diz Reinhardt,False,1710275710,Jenova,40
True,2891,20,Diz Reinhardt,False,1710275708,Jenova,40
True,2891,20,Diz Reinhardt,False,1710275707,Jenova,40
True,2944,99,Faerina Daghr,False,1710274860,Adamantoise,73
True,2891,20,Havarr Nightstalker,False,1710274180,Jenova,40
True,3498,99,Grimoire Omnia,False,1710273895,Siren,57
True,3495,99,Grimoire Omnia,False,1710273894,Siren,57
True,2498,99,Reiko Nagase,False,1710273008,Cactuar,79
True,2500,99,Draco Ryuu,False,1710272749,Cactuar,79
True,2500,99,Draco Ryuu,False,1710272748,Cactuar,79
True,2500,99,Draco Ryuu,False,1710272746,Cactuar,79
True,2896,99,Wind-up Freelancer,False,1710272554,Midgardsormr,65
True,2897,25,Enkhtuya Sagahl,False,1710271993,Midgardsormr,65
True,2897,25,Enkhtuya Sagahl,False,1710271992,Midgardsormr,65
True,2897,25,Azure Regius,False,1710271923,Midgardsormr,65
True,2923,67,Beniang Argento,False,1710271256,Sargatanas,99
True,2500,99,S'hiromi Arrowny,False,1710271081,Cactuar,79
True,2500,99,S'hiromi Arrowny,False,1710271076,Cactuar,79
True,2500,99,S'hiromi Arrowny,False,1710271073,Cactuar,79
True,2500,99,S'hiromi Arrowny,False,1710271072,Cactuar,79
True,2500,99,S'hiromi Arrowny,False,1710271069,Cactuar,79
True,2500,99,S'hiromi Arrowny,False,1710271068,Cactuar,79
True,2499,99,S'hiromi Arrowny,False,1710271067,Cactuar,79
True,2889,15,Isaac Alcyre,False,1710268840,Faerie,54
True,2889,15,Isaac Alcyre,False,1710268833,Faerie,54
True,2891,99,Skittley Dodo,False,1710263943,Jenova,40
True,2891,99,Skittley Dodo,False,1710263942,Jenova,40
True,2891,99,Skittley Dodo,False,1710263941,Jenova,40
True,3943,33,Narumi Shinkawa,False,1710260270,Siren,57
True,2897,25,Mari Mo,False,1710242698,Midgardsormr,65
True,2822,99,Tru Noom,False,1710239270,Gilgamesh,63
True,2822,99,Orange Hokage,False,1710230018,Gilgamesh,63
True,2946,99,Soul Pierce,False,1710228198,Adamantoise,73
True,3500,99,Franklyn Eden,False,1710227984,Siren,57
True,3500,99,Franklyn Eden,False,1710227973,Siren,57
True,2892,25,Lee D'sol,False,1710227394,Jenova,40
True,2892,25,Lee D'sol,False,1710227392,Jenova,40
True,3500,99,Jocea Jeanne,False,1710227095,Siren,57
True,2891,15,Megane Kun,False,1710226726,Faerie,54
True,2891,15,Megane Kun,False,1710226724,Faerie,54
True,2893,50,Megane Kun,False,1710226711,Faerie,54
True,2891,99,Megane Kun,False,1710226695,Faerie,54
True,2823,99,Greemo Grubal,False,1710224687,Gilgamesh,63
True,2894,25,Tsuki Kireina,False,1710224617,Jenova,40
True,2894,25,Tsuki Kireina,False,1710224613,Jenova,40
True,2765,30,Hingy Bingy,False,1710224490,Cactuar,79
True,2765,30,Hanaan Hana,False,1710224459,Cactuar,79
True,2765,30,Rook No-keyboard,False,1710224088,Cactuar,79
True,2764,99,Rook No-keyboard,False,1710224086,Cactuar,79
True,2824,99,Trauma Bond,False,1710223902,Gilgamesh,63
True,2824,99,Trauma Bond,False,1710223901,Gilgamesh,63
True,2824,99,Trauma Bond,False,1710223900,Gilgamesh,63
True,2824,99,Trauma Bond,False,1710223899,Gilgamesh,63
True,2827,25,L'uuna Divii,False,1710222812,Gilgamesh,63
True,2899,99,Celery Vegetable,False,1710222480,Midgardsormr,65
True,2946,99,Sneaky Castro,False,1710222447,Adamantoise,73
True,2765,30,Amano Tetsuya,False,1710221117,Cactuar,79
True,2797,33,Cecillia Fisher,False,1710220702,Cactuar,79
True,2797,33,Hipster Trash,False,1710218871,Cactuar,79
True,2797,33,Hipster Trash,False,1710218869,Cactuar,79
True,2797,33,Hipster Trash,False,1710218867,Cactuar,79
True,2797,33,Hipster Trash,False,1710218866,Cactuar,79
True,2827,99,Elica Morganite,False,1710218508,Gilgamesh,63
True,2827,99,Elica Morganite,False,1710218504,Gilgamesh,63
True,2827,25,Daigor Ren,False,1710218299,Gilgamesh,63
True,2891,15,Bowser Gaemurr,False,1710216712,Faerie,54
True,2891,15,Bowser Gaemurr,False,1710216707,Faerie,54
True,2889,6,Bowser Gaemurr,False,1710216699,Faerie,54
True,2899,99,Uncle Goon,False,1710216510,Midgardsormr,65
True,3499,99,Ujin Bolir,False,1710216315,Siren,57
True,2798,30,Minnie Moncelle,False,1710215947,Cactuar,79
True,2798,30,Minnie Moncelle,False,1710215946,Cactuar,79
True,2790,36,Minnie Moncelle,False,1710215945,Cactuar,79
True,2891,99,Bobbee Bellatem,False,1710215504,Jenova,40
True,2947,99,Scrawt Vermillion,False,1710213973,Adamantoise,73
True,2899,25,Va Dactylus,False,1710213878,Midgardsormr,65
True,2899,25,Va Dactylus,False,1710213874,Midgardsormr,65
True,2937,25,Nabuna Suis,False,1710213564,Sargatanas,99
True,3943,33,Apokalypsis Rudra,False,1710213275,Siren,57
True,2827,99,Conejo Malo,False,1710213118,Gilgamesh,63
True,2827,99,My Melody,False,1710212973,Gilgamesh,63
True,2799,30,Octavel Copper,False,1710212877,Cactuar,79
True,2891,99,Baguette Spaghette,False,1710212841,Jenova,40
True,2891,99,Baguette Spaghette,False,1710212833,Jenova,40
True,2890,40,Baguette Spaghette,False,1710212831,Jenova,40
True,2798,99,Demian Lykaios,False,1710212451,Cactuar,79
True,2891,25,Candeth Martine,False,1710212082,Jenova,40
True,2891,25,Candeth Martine,False,1710212081,Jenova,40
True,2891,25,Candeth Martine,False,1710212079,Jenova,40
True,2898,33,Romano Momano,False,1710212037,Midgardsormr,65
True,2891,99,Faira Vexas,False,1710212016,Jenova,40
True,2891,99,Faira Vexas,False,1710212015,Jenova,40
True,2891,25,Fire Ashes,False,1710211927,Jenova,40
True,2891,25,Fire Ashes,False,1710211926,Jenova,40
True,2893,50,Itu Wizard,False,1710210081,Faerie,54
True,2893,50,Itu Wizard,False,1710210079,Faerie,54
True,2893,50,Itu Wizard,False,1710210078,Faerie,54
True,2893,50,Itu Wizard,False,1710210076,Faerie,54
True,2891,99,Al Rikir,False,1710210008,Jenova,40
True,2999,99,Lily Dafaq,False,1710209747,Faerie,54
True,2999,99,Lily Dafaq,False,1710209745,Faerie,54
True,2999,99,Lily Dafaq,False,1710209744,Faerie,54
True,3499,99,Ruark Trathnona,False,1710209602,Siren,57
True,2948,25,Mynti Fresh,False,1710209533,Adamantoise,73
True,2894,25,Dan Farus,False,1710209284,Jenova,40
True,2948,25,Yaasata Minii,False,1710209268,Adamantoise,73
True,2937,99,Snippy Snipsters,False,1710208967,Sargatanas,99
True,2889,99,Maple Witchlight,False,1710208841,Faerie,54
True,2889,99,Maple Witchlight,False,1710208840,Faerie,54
True,2888,45,Niklaus Owenska,False,1710208712,Faerie,54
True,2799,30,Maxi Minoe,False,1710208562,Cactuar,79
True,2799,30,Maxi Minoe,False,1710208560,Cactuar,79
True,4391,50,Anemonas Nemo,False,1710207776,Siren,57
True,2937,99,Tome Akiudo,False,1710207748,Sargatanas,99
True,2820,99,Mimi Mistletien,False,1710207549,Gilgamesh,63
True,3500,99,Rabbits Tayuun,False,1710207152,Siren,57
True,3943,33,Tinari Wen,False,1710206535,Siren,57
True,3500,16,Tinari Wen,False,1710206531,Siren,57
True,2948,99,Mai Waifu,False,1710206071,Adamantoise,73
True,2948,99,Mai Waifu,False,1710206070,Adamantoise,73
True,2820,99,Lyra Farron,False,1710205977,Gilgamesh,63
True,3499,99,Haruka Haruna,False,1710205312,Siren,57
True,2800,99,Farty Pinder,False,1710205271,Cactuar,79
True,2890,30,Koriu Valkai,False,1710205270,Faerie,54
True,2800,99,Farty Pinder,False,1710205268,Cactuar,79
True,2830,99,Basch Gallarde,False,1710205230,Gilgamesh,63
True,2830,99,Basch Gallarde,False,1710205225,Gilgamesh,63
True,2894,99,Frey Luna,False,1710205013,Jenova,40
True,2894,99,Frey Luna,False,1710205009,Jenova,40
True,2894,99,Frey Luna,False,1710205006,Jenova,40
True,2894,99,Lyrica Keito,False,1710204056,Jenova,40
True,2894,99,Lyrica Keito,False,1710204055,Jenova,40
True,2800,99,Adienna Rysto,False,1710203972,Cactuar,79
True,3448,99,Allete Fay,False,1710203898,Siren,57
True,2937,99,Yuuki Mikazuki,False,1710203428,Sargatanas,99
True,2937,99,Yuuki Mikazuki,False,1710203426,Sargatanas,99
True,3445,99,Key Board,False,1710203365,Siren,57
True,2899,25,Ashie Blacksoul-fry,False,1710203354,Midgardsormr,65
True,3447,12,Courageous Cookie,False,1710203099,Siren,57
True,2839,99,Algernon Blackwood,False,1710202977,Gilgamesh,63
True,2799,99,Kragson O'hit,False,1710202188,Cactuar,79
True,2937,25,Lyra Amaryu,False,1710201949,Sargatanas,99
True,2849,25,Ashelynn Aeria,False,1710201860,Gilgamesh,63
True,2948,99,Jerome Arbuckle,False,1710201623,Adamantoise,73
True,2899,99,Boomboom Bambam,False,1710201448,Midgardsormr,65
True,2894,25,Newt Astrophel,False,1710201436,Jenova,40
True,2894,99,Forseti Eckesachs,False,1710200815,Jenova,40
True,2849,99,Kuku Lulu,False,1710200460,Gilgamesh,63
True,2849,25,Meiyako Lesrekta,False,1710200327,Gilgamesh,63
True,2948,99,Drake Fury,False,1710200295,Adamantoise,73
True,2995,30,Hans Hess,False,1710200003,Cactuar,79
True,2995,33,Hans Hess,False,1710199991,Cactuar,79
True,2939,13,Sentimental O'landese,False,1710199391,Sargatanas,99
True,2950,18,Fiernia Phlegathos,False,1710199387,Adamantoise,73
True,2891,15,Kel'ra Renska,False,1710198236,Faerie,54
True,2894,40,Eyrilona Tylwyn,False,1710195947,Jenova,40
True,2894,50,Eyrilona Tylwyn,False,1710195946,Jenova,40
True,2948,99,Idril Nelalil,False,1710195238,Adamantoise,73
True,2870,99,Chihiro Lia,False,1710194008,Gilgamesh,63
True,2869,35,Chihiro Lia,False,1710194006,Gilgamesh,63
True,2940,99,Deeds Unnamed,False,1710193875,Sargatanas,99
True,3447,99,Bernadetta Anderslam,False,1710193794,Siren,57
True,2896,99,Sarina Stabstab,False,1710193607,Faerie,54
True,2945,99,Light Andery,False,1710192635,Sargatanas,99
True,2998,25,J'zaga Nekoka,False,1710192511,Adamantoise,73
True,2998,25,J'zaga Nekoka,False,1710192510,Adamantoise,73
True,2948,67,Seren Noctis,False,1710192450,Sargatanas,99
True,2898,99,Omid Runescape,False,1710190902,Midgardsormr,65
True,2896,40,Valluna Xalphos,False,1710190777,Jenova,40
True,2896,40,Valluna Xalphos,False,1710190769,Jenova,40
True,2896,40,Valluna Xalphos,False,1710190747,Jenova,40
True,2946,99,Divine Vergrace,False,1710189473,Sargatanas,99
True,2878,99,Amneko Ginwa,False,1710189093,Gilgamesh,63
True,2899,25,Ailicia Seria,False,1710187972,Midgardsormr,65
True,2800,99,Kai Lian,False,1710187776,Cactuar,79
True,2899,99,Sasha Sen,False,1710186998,Midgardsormr,65
True,2899,99,Sasha Sen,False,1710186997,Midgardsormr,65
True,2899,99,Sasha Sen,False,1710186996,Midgardsormr,65
True,2899,99,Sasha Sen,False,1710186995,Midgardsormr,65
True,2800,52,Sasha Sen,False,1710186993,Midgardsormr,65
True,2885,25,Nanami Ai,False,1710186952,Gilgamesh,63
True,2885,25,Nanami Ai,False,1710186949,Gilgamesh,63
False,2495,3,Sakura Land,False,1710186440,Siren,57
True,2995,99,Pop Poponori,False,1710186012,Cactuar,79
True,2899,99,Tyyrm Mahonokishi,False,1710185478,Midgardsormr,65
True,3392,20,Erenville Gleaner,False,1710184956,Gilgamesh,63
True,2899,25,Hiyather Xeno,False,1710182749,Midgardsormr,65
True,2899,25,Hiyather Xeno,False,1710182747,Midgardsormr,65
False,1996,3,Sakura Land,False,1710180866,Siren,57
True,2997,33,Itsuomi Nagi,False,1710178339,Cactuar,79
True,3500,99,Masako Tsukioka,False,1710178295,Siren,57
True,2998,25,Fayt Lockhart,False,1710177424,Adamantoise,73
True,2998,25,Fayt Lockhart,False,1710177422,Adamantoise,73
True,2897,15,Enri Kaisuri,False,1710176622,Faerie,54
True,2897,15,Enri Kaisuri,False,1710176621,Faerie,54
True,3499,99,Hibari Meiken,False,1710176096,Siren,57
True,3555,36,Goth Babie,False,1710175401,Adamantoise,73
True,2998,99,Inakha Khatayin,False,1710175371,Cactuar,79
True,2900,99,Cera Bear,False,1710173723,Faerie,54
True,2897,25,Mina Falkos,False,1710156466,Jenova,40
True,2897,25,Mina Falkos,False,1710156465,Jenova,40
True,2897,99,Odin Borson,False,1710152117,Jenova,40
True,2897,99,Odin Borson,False,1710152116,Jenova,40
True,3212,10,Emerik Trueheart,False,1710142726,Cactuar,79
True,2888,99,Misseen Nemesis,False,1710141316,Gilgamesh,63
True,2888,99,Misseen Nemesis,False,1710141308,Gilgamesh,63
True,3221,10,Kalle Mihgo,False,1710139963,Cactuar,79
True,3221,10,Kalle Mihgo,False,1710139962,Cactuar,79
True,2907,99,Camellia Yagami,False,1710139510,Adamantoise,73
True,2905,99,Camellia Yagami,False,1710139508,Adamantoise,73
True,2905,99,Camellia Yagami,False,1710139507,Adamantoise,73
True,2905,99,Camellia Yagami,False,1710139504,Adamantoise,73
True,2905,99,Camellia Yagami,False,1710139503,Adamantoise,73
True,2905,99,Camellia Yagami,False,1710139502,Adamantoise,73
True,2900,99,Camellia Yagami,False,1710139501,Adamantoise,73
True,2900,99,Camellia Yagami,False,1710139500,Adamantoise,73
True,2900,99,Camellia Yagami,False,1710139499,Adamantoise,73
True,2899,99,Camellia Yagami,False,1710139497,Adamantoise,73
True,2899,99,Camellia Yagami,False,1710139496,Adamantoise,73
True,2899,99,Camellia Yagami,False,1710139495,Adamantoise,73
True,2899,99,Camellia Yagami,False,1710139494,Adamantoise,73
True,2899,99,Camellia Yagami,False,1710139493,Adamantoise,73
True,2898,99,Icy Inferno,False,1710137776,Midgardsormr,65
True,2999,99,Jonouchi Katsuya,False,1710135512,Sargatanas,99
True,2999,25,Mehrzad Kazemi,False,1710135455,Sargatanas,99
True,2999,25,Mehrzad Kazemi,False,1710135454,Sargatanas,99
True,2999,25,Thea Rose,False,1710134440,Sargatanas,99
True,2899,10,Demi Shade,False,1710134374,Faerie,54
True,2899,10,Demi Shade,False,1710134372,Faerie,54
True,2899,10,Demi Shade,False,1710134371,Faerie,54
True,2899,10,Demi Shade,False,1710134370,Faerie,54
True,2899,10,Demi Shade,False,1710134368,Faerie,54
True,2899,10,Demi Shade,False,1710134367,Faerie,54
True,2899,10,Demi Shade,False,1710134365,Faerie,54
True,2899,11,Demi Shade,False,1710134364,Faerie,54
True,2899,11,Demi Shade,False,1710134362,Faerie,54
True,2899,11,Demi Shade,False,1710134360,Faerie,54
True,2899,11,Demi Shade,False,1710134358,Faerie,54
True,2899,11,Demi Shade,False,1710134357,Faerie,54
True,2899,11,Demi Shade,False,1710134355,Faerie,54
True,2999,99,Taiyo Yasuke,False,1710134086,Sargatanas,99
True,2899,25,Mewing Catscene,False,1710133415,Adamantoise,73
True,2899,25,Mewing Catscene,False,1710133393,Adamantoise,73
True,2899,25,Seyor Wect,False,1710132263,Midgardsormr,65
True,2899,25,Headpats Please,False,1710131812,Adamantoise,73
True,2899,25,Merry Mizuki,False,1710131719,Midgardsormr,65
True,2899,99,Delta Star,False,1710131552,Midgardsormr,65
True,2900,99,Simply Perix,False,1710130406,Faerie,54
True,2900,99,Simply Perix,False,1710130403,Faerie,54
True,3257,25,Raine Hyskari,False,1710130078,Midgardsormr,65
True,2998,99,Eriania Stormfire,False,1710129146,Midgardsormr,65
True,2904,25,Little Quacker,False,1710129100,Adamantoise,73
True,2904,25,Little Quacker,False,1710129099,Adamantoise,73
True,3903,99,Ehda Keshran,False,1710128836,Siren,57
True,3863,19,Pucket White,False,1710128593,Siren,57
True,3863,20,Pucket White,False,1710128591,Siren,57
True,3210,99,Bara Ghoul,False,1710126322,Cactuar,79
True,3257,25,Haru Maki,False,1710126200,Midgardsormr,65
True,2904,99,Nyah Fox,False,1710124959,Adamantoise,73
True,2904,99,Bad Rash,False,1710124029,Adamantoise,73
True,2904,99,Bad Rash,False,1710124027,Adamantoise,73
True,2998,99,Mirunai Shizuka,False,1710123605,Gilgamesh,63
True,3286,25,Newt Astrophel,False,1710122873,Jenova,40
True,2998,99,Mana Anri,False,1710122835,Gilgamesh,63
True,2998,25,Shima Tsushima,False,1710122477,Gilgamesh,63
True,3147,25,Nabuna Suis,False,1710122402,Sargatanas,99
True,3147,99,Altani Avagnar,False,1710122186,Sargatanas,99
True,2999,99,Mox Khora,False,1710121933,Faerie,54
True,2904,25,Paino Hitori,False,1710120550,Adamantoise,73
True,2904,99,Paino Hitori,False,1710120549,Adamantoise,73
True,3256,99,Baha Mussy,False,1710120191,Midgardsormr,65
True,3256,99,Egil Sigrend,False,1710120102,Midgardsormr,65
True,3211,33,Larrison Oerba,False,1710119843,Cactuar,79
True,3211,33,Larrison Oerba,False,1710119841,Cactuar,79
True,2999,99,Airi Chu,False,1710119767,Jenova,40
True,3904,20,Anemonas Nemo,False,1710119518,Siren,57
True,2998,25,Alilolelotte May,False,1710119278,Gilgamesh,63
True,2998,25,Alilolelotte May,False,1710119276,Gilgamesh,63
True,3147,25,Nanami Ai,False,1710119130,Sargatanas,99
True,2904,99,Mother Ifrewup,False,1710119012,Adamantoise,73
True,3210,99,Arias Eventide,False,1710118916,Cactuar,79
True,3211,33,Suovackra Ravoc,False,1710118893,Cactuar,79
True,2998,25,Purple Naruga,False,1710118839,Gilgamesh,63
True,3256,33,Baha Mussy,False,1710118639,Midgardsormr,65
True,2999,99,Boneless P'izza,False,1710118255,Faerie,54
True,2999,99,Boneless P'izza,False,1710118253,Faerie,54
True,3149,99,Firnen Islingr,False,1710117501,Sargatanas,99
True,3211,33,Zephy Westwind,False,1710117475,Cactuar,79
True,2999,38,Kasumi Starshine,False,1710117344,Gilgamesh,63
True,3147,33,Valeria Svalnes,False,1710116310,Faerie,54
True,2904,99,Fae Nightwolf,False,1710116213,Adamantoise,73
True,2999,99,Kochotic Cali,False,1710115709,Faerie,54
True,2999,99,Kochotic Cali,False,1710115707,Faerie,54
True,2904,99,Laurianna D'auvris,False,1710115666,Adamantoise,73
True,3390,99,Asazuke Amariyo,False,1710115474,Gilgamesh,63
True,3211,33,Leonine Lautoux,False,1710115315,Cactuar,79
True,3390,25,Sev Orion,False,1710114964,Gilgamesh,63
True,3257,99,Bronco Soozie,False,1710114715,Midgardsormr,65
True,2904,99,R'adebh Kett,False,1710114598,Adamantoise,73
True,2904,99,Win Rar,False,1710114583,Adamantoise,73
True,3211,33,Daikoku Fukujin,False,1710114067,Cactuar,79
True,3298,59,Nozomi Duskheart,False,1710113948,Sargatanas,99
True,30005,1,Nozomi Duskheart,False,1710113926,Sargatanas,99
True,3295,40,Squeaky Jacks,False,1710113844,Jenova,40
True,2997,5,Wjnt Huayra,False,1710113505,Adamantoise,73
True,2997,5,Wjnt Huayra,False,1710113503,Adamantoise,73
True,2997,5,Wjnt Huayra,False,1710113501,Adamantoise,73
True,2905,99,Temmy Toon,False,1710113154,Adamantoise,73
True,2905,99,Moon Windrunner,False,1710112770,Adamantoise,73
True,2905,99,Bukidai Sagahl,False,1710112272,Adamantoise,73
True,2905,99,Bukidai Sagahl,False,1710112270,Adamantoise,73
True,3211,39,Chunky Monique,False,1710112115,Cactuar,79
True,3290,96,Eeja Naika,False,1710112107,Jenova,40
True,3296,99,Eeja Naika,False,1710112105,Jenova,40
True,2999,99,Zrefin Elderberry,False,1710111877,Adamantoise,73
True,3173,99,Suna Nuri,False,1710111862,Sargatanas,99
True,3147,33,Roman Numerals,False,1710111862,Faerie,54
True,3173,99,Suna Nuri,False,1710111860,Sargatanas,99
True,2999,99,Mai Waifu,False,1710111695,Adamantoise,73
True,2996,99,Cill Rapture,False,1710111338,Adamantoise,73
True,3391,35,My Melody,False,1710110353,Gilgamesh,63
True,3173,25,Jeal Azure,False,1710109876,Sargatanas,99
True,3173,25,Jeal Azure,False,1710109801,Sargatanas,99
True,3258,50,Ryan Acero,False,1710109617,Midgardsormr,65
True,3170,99,Fed Ex,False,1710109253,Sargatanas,99
True,3165,12,Fed Ex,False,1710109252,Sargatanas,99
True,3165,20,Fed Ex,False,1710109251,Sargatanas,99
True,3165,20,Fed Ex,False,1710109250,Sargatanas,99
True,3165,20,Fed Ex,False,1710109249,Sargatanas,99
True,3165,20,Fed Ex,False,1710109248,Sargatanas,99
True,3165,20,Fed Ex,False,1710109247,Sargatanas,99
True,3165,20,Fed Ex,False,1710109246,Sargatanas,99
True,3904,99,Franklyn Eden,False,1710108567,Siren,57
True,3258,99,Mysha White,False,1710108465,Midgardsormr,65
True,2998,99,Hauffen Schautz,False,1710108440,Adamantoise,73
True,3260,25,Lunils Fyth,False,1710108424,Midgardsormr,65
True,3295,30,Elevation Xx,False,1710108301,Jenova,40
True,3147,40,Katashi Suzuki,False,1710107937,Faerie,54
True,3147,33,Dook Haaland,False,1710107362,Faerie,54
True,3165,20,Mio Mitaka,False,1710106255,Sargatanas,99
True,3165,20,Mio Mitaka,False,1710106253,Sargatanas,99
True,3166,99,Mio Mitaka,False,1710106251,Sargatanas,99
True,2998,50,Scooby Mcdooby,False,1710105565,Adamantoise,73
True,3905,20,Ajna Sahaswara,False,1710105139,Siren,57
True,3905,20,Ajna Sahaswara,False,1710105137,Siren,57
True,3296,99,Juudai Panda,False,1710104482,Jenova,40
True,3221,10,Kylian Night,False,1710103778,Cactuar,79
True,3213,33,Mei Yura,False,1710103484,Cactuar,79
True,3258,99,Sasha Sen,False,1710103475,Midgardsormr,65
True,3258,99,Sasha Sen,False,1710103473,Midgardsormr,65
True,3296,99,Rictor Stone,False,1710103358,Jenova,40
True,3400,63,Koro Kokoro,False,1710103303,Gilgamesh,63
True,3165,20,Criss Angel,False,1710102984,Sargatanas,99
True,3165,20,Deeds Unnamed,False,1710102909,Sargatanas,99
True,3165,20,Deeds Unnamed,False,1710102908,Sargatanas,99
True,3296,99,Drizafein Elisana,False,1710102334,Jenova,40
True,3296,99,Drizafein Elisana,False,1710102333,Jenova,40
True,3296,99,Drizafein Elisana,False,1710102332,Jenova,40
True,3094,99,John Teresa,False,1710102196,Adamantoise,73
True,3258,50,Mjrn Norgard,False,1710102060,Midgardsormr,65
True,3213,33,D'sussy Fortnite,False,1710101831,Cactuar,79
True,3213,33,D'sussy Fortnite,False,1710101830,Cactuar,79
True,3165,20,Biffolo Johnson,False,1710101289,Sargatanas,99
True,3165,20,Biffolo Johnson,False,1710101288,Sargatanas,99
True,3165,24,Biffolo Johnson,False,1710101287,Sargatanas,99
True,3147,33,Flare Starscourge,False,1710101226,Faerie,54
True,3147,33,Flare Starscourge,False,1710101225,Faerie,54
True,3260,25,Azure Regius,False,1710101122,Midgardsormr,65
True,3258,99,Aikah Ayana,False,1710100726,Midgardsormr,65
True,4550,10,Han Midori,False,1710099936,Jenova,40
True,2999,36,Drizzit Do'vondoom,False,1710099633,Sargatanas,99
True,3393,99,Tru Noom,False,1710099465,Gilgamesh,63
True,3148,30,Mindy Macready,False,1710098884,Faerie,54
True,3148,30,Mindy Macready,False,1710098883,Faerie,54
True,3148,50,Mindy Macready,False,1710098881,Faerie,54
True,3945,99,Erga Laskreia,False,1710098769,Siren,57
True,3148,50,Juvvie Erena,False,1710098551,Faerie,54
True,3393,99,False Queen,False,1710098506,Gilgamesh,63
True,3148,50,Ozzy Ocelot,False,1710097704,Faerie,54
True,3944,99,Geass Evoker,False,1710097526,Siren,57
True,3227,99,Maddonious Mastothous,False,1710097306,Cactuar,79
True,3944,99,Viv Morrigan,False,1710097131,Siren,57
True,3260,25,Hela Nya,False,1710096086,Midgardsormr,65
True,3259,99,Nano Nuts,False,1710095955,Midgardsormr,65
True,3259,99,Nano Nuts,False,1710095942,Midgardsormr,65
True,3169,60,Noelle Nelhah,False,1710095725,Sargatanas,99
True,3094,99,Akiko Umu,False,1710094704,Adamantoise,73
True,3093,57,Akiko Umu,False,1710094701,Adamantoise,73
True,3096,25,Iman Dei'cree,False,1710094417,Adamantoise,73
True,3304,25,Muxxic Yomby,False,1710092365,Jenova,40
True,3173,25,Minato Hokage,False,1710092159,Sargatanas,99
True,3214,99,Infinimus Rex,False,1710091976,Cactuar,79
True,3214,99,Tamiah Kang,False,1710091487,Cactuar,79
True,3213,99,Tamiah Kang,False,1710091486,Cactuar,79
True,3100,91,Luna Celestia,False,1710091367,Gilgamesh,63
True,3148,50,Dor Marujido,False,1710090600,Faerie,54
True,3172,99,Evelynn Nightshade,False,1710089887,Sargatanas,99
True,3172,99,Myth Afatale,False,1710089831,Sargatanas,99
True,3173,25,Duplo Alvein,False,1710089327,Sargatanas,99
True,3173,25,Duplo Alvein,False,1710089326,Sargatanas,99
True,3304,99,Loewe Adarkim,False,1710088097,Jenova,40
True,3093,99,Draco Ryuu,False,1710087925,Adamantoise,73
True,3260,99,Ren Tensen,False,1710081450,Midgardsormr,65
True,3260,99,Creamy Lovepunch,False,1710078743,Midgardsormr,65
True,3260,99,Creamy Lovepunch,False,1710078736,Midgardsormr,65
True,3260,25,Hegy Lakos,False,1710074327,Midgardsormr,65
True,3260,25,Hegy Lakos,False,1710074325,Midgardsormr,65
True,3214,99,Moka Tamamitsune,False,1710065792,Cactuar,79
True,3304,99,Kai'sa Vayne,False,1710063334,Jenova,40
True,3890,41,Kyle Allison,False,1710061610,Siren,57
True,3151,33,Kagami Akaihana,False,1710060510,Faerie,54
True,3401,99,Kuba Kenshin,False,1710059808,Gilgamesh,63
True,3400,93,Wa Luigi,False,1710059179,Gilgamesh,63
True,3304,99,Ayase Mori,False,1710058654,Jenova,40
True,3304,99,Ayase Mori,False,1710058652,Jenova,40
True,3304,99,Ayase Mori,False,1710058649,Jenova,40
True,3304,99,Ayase Mori,False,1710058648,Jenova,40
True,3214,99,Nora Lavente,False,1710058224,Cactuar,79
True,3173,99,Erika Zantisten,False,1710057828,Sargatanas,99
True,3173,99,Lynneb Nil,False,1710055039,Sargatanas,99
True,3214,33,Kyoko Kitsune,False,1710053645,Cactuar,79
True,3403,25,Mirunai Shizuka,False,1710053429,Gilgamesh,63
True,3214,33,Kalle Mihgo,False,1710051885,Cactuar,79
True,3214,33,Kalle Mihgo,False,1710051884,Cactuar,79
True,3214,33,Kalle Mihgo,False,1710051883,Cactuar,79
True,3097,25,Citan Asu'dal,False,1710051826,Adamantoise,73
True,3309,25,Andoru Lin,False,1710051825,Jenova,40
True,3309,25,Andoru Lin,False,1710051817,Jenova,40
True,3309,25,Andoru Lin,False,1710051815,Jenova,40
True,3309,25,Andoru Lin,False,1710051772,Jenova,40
True,3152,33,Addy Moo,False,1710050899,Faerie,54
True,3305,99,Nono Hato,False,1710050590,Jenova,40
True,3177,37,Diana Valhourdin,False,1710049695,Sargatanas,99
True,3214,99,Kali Liada,False,1710048903,Cactuar,79
True,3262,99,Mio Yumi,False,1710048754,Midgardsormr,65
True,3097,99,Jack Endicott,False,1710048072,Adamantoise,73
True,4393,50,Kyle Allison,False,1710047475,Siren,57
True,3097,25,Vivio Brookshield,False,1710047348,Adamantoise,73
True,3175,99,Zenaida Ryu,False,1710047177,Sargatanas,99
True,3403,25,Tatiana Sai'za,False,1710046954,Gilgamesh,63
True,3403,25,Tatiana Sai'za,False,1710046952,Gilgamesh,63
True,3152,33,Koriu Valkai,False,1710046707,Faerie,54
True,3175,99,Bellfussy Bornelius,False,1710046683,Sargatanas,99
True,3946,99,Sylphe Eros,False,1710046246,Siren,57
True,3946,99,Thayrin Vexnah,False,1710045340,Siren,57
True,3176,99,Dara Kantor,False,1710045324,Sargatanas,99
True,3099,25,Vivio Brookshield,False,1710045322,Adamantoise,73
True,3402,99,Tru Noom,False,1710045203,Gilgamesh,63
True,3221,20,Rhaelia Targaryen,False,1710044914,Cactuar,79
True,3152,33,Naenia Neri,False,1710044468,Faerie,54
True,3098,99,Black Kawaii,False,1710044262,Adamantoise,73
True,3098,99,Basil Hollywood,False,1710044216,Adamantoise,73
True,3946,99,Kiyo Mizuhiku,False,1710044169,Siren,57
True,4199,50,Prodigy Futile,False,1710044038,Siren,57
True,3403,25,Kastor Nevierre,False,1710043933,Gilgamesh,63
True,3311,99,Bei Bei,False,1710043673,Jenova,40
False,1500,6,Amalteia Marcy,False,1710043385,Midgardsormr,65
True,3263,33,Rein Beau,False,1710043252,Midgardsormr,65
True,3170,68,Leslie Piggy,False,1710043240,Faerie,54
True,3152,99,Leslie Piggy,False,1710043212,Faerie,54
True,4199,50,Borrasca Maydiil,False,1710042828,Siren,57
True,3179,99,Fluxtail Braveheart,False,1710042610,Sargatanas,99
True,3214,99,Dumpy Potato,False,1710042243,Cactuar,79
True,3214,99,Dumpy Potato,False,1710042241,Cactuar,79
True,3946,99,Kami Neko,False,1710040866,Siren,57
True,3945,99,Kami Neko,False,1710040863,Siren,57
True,3944,99,Jifurito Rukusuria,False,1710040506,Siren,57
True,3405,25,Shima Tsushima,False,1710040283,Gilgamesh,63
True,3943,99,Medomai Lifebane,False,1710039876,Siren,57
True,3179,99,Amekia Hresvelg,False,1710039731,Sargatanas,99
True,3311,25,Ike Takeda,False,1710039175,Jenova,40
True,3266,99,Sir Wellington,False,1710038768,Midgardsormr,65
True,3266,99,Sir Wellington,False,1710038766,Midgardsormr,65
True,3948,50,Silent Sheep,False,1710038645,Siren,57
False,1996,12,Andari Deathgazer,False,1710038497,Siren,57
True,3405,25,Magnus Shadeptus,False,1710038105,Gilgamesh,63
True,3152,99,Himiko Nevierre,False,1710038051,Faerie,54
True,3152,99,Himiko Nevierre,False,1710038046,Faerie,54
True,3405,25,Morlene Vissante,False,1710038034,Gilgamesh,63
True,3404,25,Morlene Vissante,False,1710038030,Gilgamesh,63
True,3102,99,Amanda Wisp-weaver,False,1710037812,Adamantoise,73
True,3152,99,Tick Tourcenet,False,1710037792,Faerie,54
True,3404,99,Fluxed Over,False,1710037419,Gilgamesh,63
True,3267,50,Valencia Shell,False,1710037225,Midgardsormr,65
True,3267,50,Valencia Shell,False,1710037222,Midgardsormr,65
True,3267,50,Valencia Shell,False,1710037221,Midgardsormr,65
True,3180,99,Bio Roxas,False,1710036973,Sargatanas,99
True,3944,99,Lemons Man,False,1710036820,Siren,57
True,3943,99,Boi Mebob,False,1710036797,Siren,57
True,3214,33,Koneko Takanashi,False,1710036513,Cactuar,79
