hq,pricePerUnit,quantity,buyerName,onMannequin,timestamp,worldName,worldID
True,2672,99,Camellia Yagami,False,1710918098,Gilgamesh,63
True,2672,99,Camellia Yagami,False,1710918097,Gilgamesh,63
True,2672,99,Camellia Yagami,False,1710918096,Gilgamesh,63
True,2672,99,Camellia Yagami,False,1710918095,Gilgamesh,63
True,2600,99,Ryuujin Jizutsu,False,1710916022,Gilgamesh,63
True,2600,99,Night Raid-,False,1710915369,Gilgamesh,63
True,2600,99,Night Raid-,False,1710915367,Gilgamesh,63
True,3089,99,Astrea Lin,False,1710911736,Faerie,54
True,3088,99,Gurrarn Zirnfarr,False,1710911652,Faerie,54
True,3089,33,Arculus Darg,False,1710910544,Faerie,54
True,3088,99,Di'irk Diggler,False,1710910512,Faerie,54
True,2660,99,Dylan Traver,False,1710909582,Gilgamesh,63
True,2839,99,Raye Sentoki,False,1710906691,Adamantoise,73
True,2839,99,Raye Sentoki,False,1710906689,Adamantoise,73
True,2674,25,Apollia Azalea,False,1710906325,Gilgamesh,63
True,2813,25,Phaunna Kyo,False,1710906283,Midgardsormr,65
True,2813,99,Phaunna Kyo,False,1710906281,Midgardsormr,65
True,2800,33,Phaunna Kyo,False,1710906280,Midgardsormr,65
True,2813,99,Phaunna Kyo,False,1710906279,Midgardsormr,65
True,2813,99,Phaunna Kyo,False,1710906277,Midgardsormr,65
True,2813,99,Phaunna Kyo,False,1710906275,Midgardsormr,65
True,2813,99,Phaunna Kyo,False,1710906274,Midgardsormr,65
True,2805,99,Artemis Tanshi,False,1710905772,Jenova,40
False,1500,3,Haru Sakura,False,1710905237,Faerie,54
True,2840,25,Kanae Moonlight,False,1710904681,Adamantoise,73
True,2806,25,Melo Sol,False,1710904118,Jenova,40
True,2997,25,Adilus Beirne,False,1710903780,Gilgamesh,63
True,2997,25,Adilus Beirne,False,1710903779,Gilgamesh,63
True,3089,33,Medreth Clarke,False,1710903601,Faerie,54
True,2807,33,Shiro Raitoningu,False,1710903554,Jenova,40
True,2807,33,Shiro Raitoningu,False,1710903552,Jenova,40
True,2807,33,Shiro Raitoningu,False,1710903550,Jenova,40
True,5493,66,Arisu Ahane,False,1710903416,Faerie,54
True,2800,99,Anne Sibyl,False,1710903303,Jenova,40
True,2689,20,Shironeko Chung,False,1710903198,Gilgamesh,63
True,2689,20,Shironeko Chung,False,1710903195,Gilgamesh,63
True,2842,33,Strange Illusion,False,1710902253,Adamantoise,73
True,2841,99,Uros Avasera,False,1710902241,Adamantoise,73
True,2964,99,Soraya Alcyone,False,1710902206,Cactuar,79
True,2964,99,Capri Sun,False,1710902056,Cactuar,79
True,2800,33,Heavenly Light,False,1710902054,Midgardsormr,65
True,2978,20,Gyr Bal'thr,False,1710901974,Cactuar,79
True,2978,20,Gyr Bal'thr,False,1710901972,Cactuar,79
True,2813,25,Breeze Moonsworn,False,1710901927,Midgardsormr,65
True,2813,25,Breeze Moonsworn,False,1710901793,Midgardsormr,65
True,2813,25,Aonnyx Avarice,False,1710901768,Midgardsormr,65
True,2800,33,Aonnyx Avarice,False,1710901764,Midgardsormr,65
True,3088,99,Dani Muztang,False,1710901451,Faerie,54
True,2810,3,Taeryn Rynn,False,1710900992,Jenova,40
True,3088,99,Intriquality Vega,False,1710900703,Faerie,54
True,2843,99,Mathye West,False,1710900414,Adamantoise,73
True,2808,99,Karma Caelestis,False,1710900228,Jenova,40
True,2848,99,Shizuya Tamaran,False,1710900118,Sargatanas,99
True,2964,99,Micaiah Yune,False,1710900070,Cactuar,79
True,2848,99,Eent Ert,False,1710900045,Sargatanas,99
True,2808,99,Hanekawa Kett,False,1710899951,Jenova,40
True,2997,25,Mefiex Fermatus,False,1710899525,Gilgamesh,63
True,2845,99,Yappo Nappo,False,1710898991,Adamantoise,73
True,2813,99,Yoshikage Mia,False,1710898953,Midgardsormr,65
True,2813,99,Yoshikage Mia,False,1710898952,Midgardsormr,65
True,2997,25,Lilacs Mysiria,False,1710898729,Gilgamesh,63
True,2699,20,Lilacs Mysiria,False,1710898723,Gilgamesh,63
True,2845,25,S'hari Est,False,1710898621,Adamantoise,73
True,2813,99,Further Ado,False,1710898432,Midgardsormr,65
True,2845,25,Hilda Rosinante,False,1710897909,Adamantoise,73
True,2845,25,Kuni Puca,False,1710897895,Adamantoise,73
True,2997,99,Mia Mia,False,1710897791,Gilgamesh,63
True,2997,99,Mia Mia,False,1710897788,Gilgamesh,63
True,2997,25,H'vy Harrison,False,1710897576,Gilgamesh,63
True,2964,99,Illyus Latora,False,1710897349,Cactuar,79
True,2700,36,Maldron Soreil,False,1710897307,Gilgamesh,63
True,2848,99,Bugz Bunny,False,1710897192,Sargatanas,99
True,2848,99,Bugz Bunny,False,1710897191,Sargatanas,99
True,2814,33,Valhakir Atallanos,False,1710897118,Midgardsormr,65
True,2848,99,Ter Bear,False,1710897096,Sargatanas,99
True,2814,33,Moist Cornbread,False,1710896962,Midgardsormr,65
True,2814,99,Hana Sakurai,False,1710896869,Midgardsormr,65
True,2813,99,Hana Sakurai,False,1710896867,Midgardsormr,65
True,2808,99,Lydir Wrath,False,1710896832,Jenova,40
True,2808,99,Ginchiyo Akamura,False,1710896578,Jenova,40
True,2964,99,Zark Greenleaf,False,1710896502,Cactuar,79
True,2848,33,Kathyr Faelsyn,False,1710896352,Adamantoise,73
True,2847,50,Kathyr Faelsyn,False,1710896350,Adamantoise,73
True,2699,20,Tahm Umbra,False,1710896173,Gilgamesh,63
True,2814,33,Aeife Akagane,False,1710896106,Midgardsormr,65
True,3089,99,Quelanna N'lur,False,1710896084,Faerie,54
True,2700,99,Requiem Nekomancer,False,1710896062,Gilgamesh,63
True,2848,99,Coffee Daifuku,False,1710895886,Sargatanas,99
True,2700,99,Super Potato,False,1710895808,Gilgamesh,63
True,2964,99,Raina Noelle,False,1710895704,Cactuar,79
True,2964,99,Raina Noelle,False,1710895703,Cactuar,79
True,2846,99,Takki Marr,False,1710895434,Sargatanas,99
True,2848,99,Klide Raldon,False,1710895341,Adamantoise,73
True,2700,99,Rhayken Rhineheart,False,1710894865,Gilgamesh,63
True,2848,99,Kasdeya Hagane,False,1710894824,Adamantoise,73
True,2847,50,Kasdeya Hagane,False,1710894822,Adamantoise,73
True,2700,99,Celeste Rin,False,1710894595,Gilgamesh,63
True,2809,25,Lily Huorlwesfv,False,1710894583,Jenova,40
True,2807,18,Ham Bug,False,1710894253,Jenova,40
True,2808,99,Epi Ona,False,1710893704,Jenova,40
True,2978,10,Franchesca Lansrike,False,1710893483,Cactuar,79
True,4500,20,Tyki Kai,False,1710893252,Faerie,54
False,2000,12,Hifumi Takemi,False,1710893093,Sargatanas,99
True,2997,28,Alex Everhart,False,1710893045,Gilgamesh,63
True,2964,99,Taline Daybreak,False,1710893004,Cactuar,79
True,2848,99,Ziazoux Boubin,False,1710892915,Adamantoise,73
True,2699,20,Purple Purps,False,1710892871,Gilgamesh,63
True,2699,20,Purple Purps,False,1710892870,Gilgamesh,63
True,2850,99,Sea Bo,False,1710892861,Adamantoise,73
True,2850,99,Sea Bo,False,1710892860,Adamantoise,73
True,2850,99,Sea Bo,False,1710892858,Adamantoise,73
True,2848,99,Lil Wixx,False,1710892851,Adamantoise,73
True,2841,99,Nagakura Shinpachi,False,1710892849,Sargatanas,99
True,3089,99,Zeyles Khione,False,1710892647,Faerie,54
True,2700,99,Lumy Moonlight,False,1710892618,Gilgamesh,63
True,2808,99,Audito Teken,False,1710892467,Jenova,40
True,2848,33,Ahri Kitsune,False,1710891238,Adamantoise,73
True,2814,33,Yuma Yunyun,False,1710891015,Midgardsormr,65
True,2400,10,Chie Galleon,False,1710890919,Cactuar,79
True,2400,10,Chie Galleon,False,1710890918,Cactuar,79
True,2300,16,Chie Galleon,False,1710890916,Cactuar,79
True,2848,33,Teroma Haphmo,False,1710890576,Adamantoise,73
True,2964,99,Drink Arizona,False,1710890567,Cactuar,79
True,2848,25,Tritanius Neptunis,False,1710890445,Sargatanas,99
True,3089,33,Nero Ceruleum,False,1710890423,Faerie,54
True,2997,25,Valmyrina Fal'volir,False,1710890277,Gilgamesh,63
True,2997,25,Valmyrina Fal'volir,False,1710890275,Gilgamesh,63
True,2963,99,Jennifer Farron,False,1710890136,Cactuar,79
True,2841,99,Google Maps,False,1710889333,Sargatanas,99
True,2840,99,Google Maps,False,1710889331,Sargatanas,99
True,2699,99,Esper Saleos,False,1710889136,Gilgamesh,63
True,3089,33,Kaunoet Tyshatont,False,1710888998,Faerie,54
True,2698,20,Azi'zi Elohim,False,1710888800,Gilgamesh,63
True,2698,20,Azi'zi Elohim,False,1710888798,Gilgamesh,63
True,2964,99,Demian Lykaios,False,1710888401,Cactuar,79
True,2815,25,Nex Violentus,False,1710887657,Midgardsormr,65
True,2997,99,Aster Skychaser,False,1710885935,Siren,57
True,2848,99,My'rithia Antibello,False,1710885730,Adamantoise,73
True,2840,99,Win Rar,False,1710884894,Sargatanas,99
True,2842,15,Kai Delfross,False,1710884115,Sargatanas,99
True,2960,33,Lazuli Shizuka,False,1710883033,Cactuar,79
True,2959,99,Iti Toji,False,1710882190,Cactuar,79
True,2807,57,Mahal Jaani,False,1710882050,Jenova,40
True,2809,25,Calum Bricklayer,False,1710880897,Jenova,40
False,1150,15,Kaito Sama,False,1710876403,Gilgamesh,63
True,2997,99,Akane Kurogami,False,1710872622,Siren,57
True,2900,33,Akane Kurogami,False,1710872620,Siren,57
True,2900,33,Akane Kurogami,False,1710872619,Siren,57
True,2995,78,Narellya Niahm,False,1710866955,Siren,57
True,2900,33,Narellya Niahm,False,1710866954,Siren,57
True,2900,99,Narellya Niahm,False,1710866952,Siren,57
True,3091,99,Raise Dead,False,1710847693,Faerie,54
True,2700,99,Kotori Hoshino,False,1710847234,Gilgamesh,63
True,2700,99,Kotori Hoshino,False,1710847233,Gilgamesh,63
True,2997,25,Rorobi Rarabi,False,1710808197,Gilgamesh,63
True,2999,99,Ruby Hoshino,False,1710807968,Siren,57
True,2797,30,Sterling Steel,False,1710806553,Adamantoise,73
True,2815,25,Kane Reed,False,1710806339,Midgardsormr,65
True,3091,99,R'aliam Tia,False,1710804800,Faerie,54
True,2817,25,Lilja Deiijla,False,1710803887,Midgardsormr,65
True,2816,99,Hanako Iki,False,1710803061,Jenova,40
True,1499,99,Eliakin Tarutaru,False,1710801810,Midgardsormr,65
True,1499,99,Eliakin Tarutaru,False,1710801808,Midgardsormr,65
False,1500,3,Yuma Yunyun,False,1710800366,Midgardsormr,65
True,2799,20,Mikh'a Elakha,False,1710800147,Gilgamesh,63
True,2799,20,Mikh'a Elakha,False,1710800145,Gilgamesh,63
True,2799,99,Mikh'a Elakha,False,1710800144,Gilgamesh,63
True,2600,99,Mikh'a Elakha,False,1710800142,Gilgamesh,63
True,2600,99,Mikh'a Elakha,False,1710800140,Gilgamesh,63
True,2600,33,Mikh'a Elakha,False,1710800139,Gilgamesh,63
True,2600,33,Mikh'a Elakha,False,1710800138,Gilgamesh,63
True,2600,33,Mikh'a Elakha,False,1710800137,Gilgamesh,63
True,2600,99,Mikh'a Elakha,False,1710800136,Gilgamesh,63
True,2600,99,Mikh'a Elakha,False,1710800135,Gilgamesh,63
True,2849,99,Shuu San,False,1710799164,Sargatanas,99
True,2849,99,Shuu San,False,1710799162,Sargatanas,99
True,2854,99,Hiro Aeris,False,1710799140,Adamantoise,73
True,2854,99,Hiro Aeris,False,1710799138,Adamantoise,73
True,2999,99,Cinna Plushie,False,1710798171,Siren,57
True,2964,99,Bean Dip,False,1710796795,Cactuar,79
True,2960,33,Bean Dip,False,1710796793,Cactuar,79
True,2960,33,Bean Dip,False,1710796792,Cactuar,79
True,2960,50,Bean Dip,False,1710796791,Cactuar,79
True,2960,50,Bean Dip,False,1710796790,Cactuar,79
True,2960,50,Bean Dip,False,1710796788,Cactuar,79
True,2876,99,Hollows Yve,False,1710796724,Jenova,40
True,2876,99,Hollows Yve,False,1710796723,Jenova,40
True,2876,99,Hollows Yve,False,1710796722,Jenova,40
True,2876,99,Hollows Yve,False,1710796721,Jenova,40
True,2876,99,Hollows Yve,False,1710796720,Jenova,40
True,2876,99,Hollows Yve,False,1710796719,Jenova,40
True,2876,99,Hollows Yve,False,1710796717,Jenova,40
True,2876,99,Hollows Yve,False,1710796716,Jenova,40
True,2876,99,Hollows Yve,False,1710796715,Jenova,40
True,2600,99,Jun Var,False,1710796699,Gilgamesh,63
True,2400,10,Nheu Prii,False,1710796498,Cactuar,79
True,2399,33,Nheu Prii,False,1710796496,Cactuar,79
True,2876,99,Candied Yam,False,1710795871,Jenova,40
True,2600,99,Hiro Takeda,False,1710795634,Gilgamesh,63
True,2399,99,Corn Chowder,False,1710795614,Cactuar,79
True,2005,22,Corn Chowder,False,1710795613,Cactuar,79
True,2400,10,Jehan Poire,False,1710795540,Cactuar,79
True,2400,10,Jehan Poire,False,1710795538,Cactuar,79
True,2600,99,Usuk Isuk,False,1710795098,Gilgamesh,63
True,2854,99,Matve North,False,1710794841,Adamantoise,73
True,2876,99,Zonari Ai,False,1710794541,Jenova,40
True,5999,5,Sly Phantom,False,1710794367,Faerie,54
True,2876,99,Burrowing Snagret,False,1710791028,Jenova,40
True,2818,99,Lax Tax,False,1710790740,Midgardsormr,65
True,2600,99,Vestelle Sawyer,False,1710790646,Gilgamesh,63
True,2876,99,Seki Yuri,False,1710788949,Jenova,40
True,2819,99,Raf Barker,False,1710786369,Midgardsormr,65
True,2856,99,Mega Jutsu,False,1710786017,Adamantoise,73
True,2856,99,Mega Jutsu,False,1710786015,Adamantoise,73
True,2856,99,Mega Jutsu,False,1710786013,Adamantoise,73
True,2856,99,Mega Jutsu,False,1710786012,Adamantoise,73
True,2819,99,Soren Ro,False,1710785092,Midgardsormr,65
False,1000,6,Kjmich Emiya,False,1710784434,Cactuar,79
False,1095,3,Kjmich Emiya,False,1710784433,Cactuar,79
False,2000,6,Kjmich Emiya,False,1710784431,Cactuar,79
True,2400,10,Kjmich Emiya,False,1710784429,Cactuar,79
True,2400,10,Kjmich Emiya,False,1710784428,Cactuar,79
True,3000,33,Setus Naturarights,False,1710783371,Siren,57
True,2876,99,Hoshimio Hikari,False,1710781557,Jenova,40
True,2876,99,Dain Verin,False,1710780673,Jenova,40
True,2600,99,Konga Pls,False,1710775125,Gilgamesh,63
True,2600,99,Konga Pls,False,1710775124,Gilgamesh,63
True,2600,99,Konga Pls,False,1710775122,Gilgamesh,63
True,2600,99,Konga Pls,False,1710775121,Gilgamesh,63
True,2600,99,Tuyaa Borlaaq,False,1710770892,Gilgamesh,63
True,2857,99,Khada Laxan,False,1710769544,Adamantoise,73
True,2877,99,Cold Warm,False,1710759956,Jenova,40
True,2798,89,Fluffy Pawbs,False,1710752821,Gilgamesh,63
True,3000,33,Tracy Starchaser,False,1710752729,Siren,57
True,2851,25,Lekzy Smexy,False,1710750183,Sargatanas,99
True,2851,99,Elina Chan,False,1710746065,Sargatanas,99
True,2850,99,Elina Chan,False,1710746064,Sargatanas,99
True,2850,99,Elina Chan,False,1710746063,Sargatanas,99
True,2850,99,Elina Chan,False,1710746061,Sargatanas,99
True,2997,25,Y'poi Yumi,False,1710744528,Gilgamesh,63
True,2877,99,Night Raid-,False,1710744176,Jenova,40
True,2800,99,Sval Mod,False,1710743531,Adamantoise,73
True,2400,10,Sig'du Ishotto,False,1710743306,Cactuar,79
True,2400,10,Sig'du Ishotto,False,1710743305,Cactuar,79
True,3021,99,Vivian Cary,False,1710741966,Siren,57
True,2400,10,Sajo Manaka,False,1710740304,Cactuar,79
True,2400,10,Sajo Manaka,False,1710740303,Cactuar,79
True,2400,10,Sajo Manaka,False,1710740302,Cactuar,79
True,3093,99,Reyha Jinh,False,1710739863,Faerie,54
True,3093,99,Reyha Jinh,False,1710739843,Faerie,54
True,2877,99,Nageku Kanashimi,False,1710738931,Jenova,40
True,3093,99,Jeff Fahfah,False,1710738629,Faerie,54
True,3021,99,Jo Nah,False,1710738568,Siren,57
True,3092,99,Kitsu Craftingway,False,1710737457,Faerie,54
True,2968,99,Maxx Melee,False,1710736237,Cactuar,79
True,2968,99,Maxx Melee,False,1710736232,Cactuar,79
True,3021,99,Kelvin Ngo,False,1710736038,Siren,57
True,2850,99,Fenix Asches,False,1710736008,Sargatanas,99
True,2997,99,Vyncent Wit,False,1710735618,Gilgamesh,63
True,2997,99,Vyncent Wit,False,1710735617,Gilgamesh,63
True,2997,99,Vyncent Wit,False,1710735615,Gilgamesh,63
True,2858,99,Bea Juice,False,1710735089,Adamantoise,73
True,2967,99,S'vetha Mako,False,1710734959,Cactuar,79
True,2997,25,Green Frappe,False,1710734567,Gilgamesh,63
True,2997,25,Y'poi Yumi,False,1710733512,Gilgamesh,63
True,2400,10,Darwen Ixthania,False,1710733386,Cactuar,79
True,3093,99,Malori Leblanc,False,1710733188,Faerie,54
True,2879,99,Ghostly Echo,False,1710732990,Jenova,40
True,3021,99,Lapicos Rieb,False,1710732758,Siren,57
True,2400,10,Aderyn Lunaria,False,1710732673,Cactuar,79
True,2819,99,Lucky Mister,False,1710731974,Midgardsormr,65
True,3020,99,Yehn'a Amariyo,False,1710731198,Siren,57
True,2400,10,Fruit Snack,False,1710730939,Cactuar,79
True,2400,10,Fruit Snack,False,1710730938,Cactuar,79
True,2400,10,Fruit Snack,False,1710730937,Cactuar,79
True,2996,33,Smooth Sailing,False,1710730801,Gilgamesh,63
True,2968,99,Memory Card,False,1710730766,Cactuar,79
True,2967,99,Yhumi Miyei,False,1710730642,Cactuar,79
True,2853,99,Sumikko Gurashi,False,1710730621,Sargatanas,99
True,2879,25,Dimitri Lionheart,False,1710730312,Jenova,40
True,2996,99,Popoto Salade,False,1710729585,Gilgamesh,63
True,2996,99,Popoto Salade,False,1710729583,Gilgamesh,63
True,2864,99,Nyan Perona,False,1710728389,Adamantoise,73
True,2820,99,Herzeine Everfrost,False,1710728189,Midgardsormr,65
True,2820,99,Allen Amser,False,1710727969,Midgardsormr,65
True,2853,99,Reina Strife,False,1710727149,Sargatanas,99
True,2853,99,Kfc Daddy,False,1710726033,Sargatanas,99
True,2883,26,Azathiel Claywork,False,1710725991,Jenova,40
True,2969,99,Amoreena Valkny,False,1710725866,Cactuar,79
True,2969,99,Amoreena Valkny,False,1710725863,Cactuar,79
True,2400,10,Amoreena Valkny,False,1710725861,Cactuar,79
True,2820,99,Tegridy Weed,False,1710725112,Midgardsormr,65
True,2820,99,Raf Barker,False,1710724887,Midgardsormr,65
True,2852,99,Parula Serinus,False,1710724816,Sargatanas,99
True,2884,99,Faeyle Valentine,False,1710724663,Jenova,40
True,2820,99,Tucari Minha,False,1710723646,Midgardsormr,65
True,2884,99,Ardence Abel,False,1710723500,Jenova,40
True,3022,60,Leanne Naweh,False,1710723356,Siren,57
True,2864,25,Wynndren Valthyra,False,1710723243,Adamantoise,73
True,2864,25,Wynndren Valthyra,False,1710723241,Adamantoise,73
True,2885,99,Pepega Guacamole,False,1710723059,Jenova,40
True,2885,99,Pepega Guacamole,False,1710723057,Jenova,40
True,3022,99,Ren Okami,False,1710722899,Siren,57
True,3022,99,Ren Okami,False,1710722898,Siren,57
True,3022,99,Ren Okami,False,1710722873,Siren,57
True,2865,25,Nutella Waffeles,False,1710721990,Adamantoise,73
True,3022,99,M'yw Tyw,False,1710721978,Siren,57
True,2820,99,Ultir Amih,False,1710721856,Midgardsormr,65
True,5999,5,Masya Lihzey,False,1710721214,Faerie,54
True,5999,5,Masya Lihzey,False,1710721209,Faerie,54
True,2889,99,Diva Depressao,False,1710721131,Jenova,40
True,2969,99,Aello Incubo,False,1710720551,Cactuar,79
True,3095,33,Silent Typhoon,False,1710720330,Faerie,54
True,2865,22,Yae Kagura,False,1710720284,Sargatanas,99
True,2820,99,Chino Kafuu,False,1710720204,Midgardsormr,65
True,2865,99,Cotota Ura,False,1710720042,Adamantoise,73
True,2969,99,Ebisu Fukujin,False,1710719918,Cactuar,79
True,3095,99,Weeb Alert,False,1710719883,Faerie,54
True,2999,25,Seren Vesper,False,1710719753,Gilgamesh,63
True,2864,50,Blythe Cross,False,1710719725,Adamantoise,73
True,2863,99,Blythe Cross,False,1710719722,Adamantoise,73
True,3023,33,Kai Zi,False,1710719647,Siren,57
True,3095,33,Adrian Calderyen,False,1710719504,Faerie,54
True,2889,99,Nezzie Bun,False,1710719421,Jenova,40
True,3022,60,Samire Blue,False,1710719320,Siren,57
True,3095,33,Samire Blue,False,1710719235,Faerie,54
True,3095,99,Metri Rayne,False,1710718887,Faerie,54
True,2400,10,Ariane Sephaine,False,1710718440,Cactuar,79
True,2400,10,Ariane Sephaine,False,1710718438,Cactuar,79
True,3095,33,Bishi Fishy,False,1710717982,Faerie,54
True,3095,33,Bishi Fishy,False,1710717980,Faerie,54
True,3095,33,Bishi Fishy,False,1710717979,Faerie,54
True,3095,33,Bishi Fishy,False,1710717978,Faerie,54
True,3095,33,Bishi Fishy,False,1710717977,Faerie,54
True,2999,99,Adelaide Marmalade,False,1710717891,Gilgamesh,63
True,2818,99,Fae'ryn Yuvone,False,1710717776,Midgardsormr,65
True,2818,99,Fae'ryn Yuvone,False,1710717774,Midgardsormr,65
True,2817,99,Fae'ryn Yuvone,False,1710717773,Midgardsormr,65
True,2869,99,Jay D',False,1710717729,Adamantoise,73
True,3095,99,Cap Stone,False,1710717384,Faerie,54
True,3095,99,Cap Stone,False,1710717382,Faerie,54
True,2999,99,W'shian Dias,False,1710717013,Gilgamesh,63
True,2694,20,Mikh'a Elakha,False,1710716902,Gilgamesh,63
True,2694,20,Mikh'a Elakha,False,1710716901,Gilgamesh,63
True,2689,20,Mikh'a Elakha,False,1710716900,Gilgamesh,63
True,2689,20,Mikh'a Elakha,False,1710716899,Gilgamesh,63
True,2689,20,Mikh'a Elakha,False,1710716898,Gilgamesh,63
True,2689,20,Mikh'a Elakha,False,1710716897,Gilgamesh,63
True,2689,20,Mikh'a Elakha,False,1710716896,Gilgamesh,63
True,2689,20,Mikh'a Elakha,False,1710716895,Gilgamesh,63
True,2689,20,Mikh'a Elakha,False,1710716894,Gilgamesh,63
True,2688,7,Mikh'a Elakha,False,1710716893,Gilgamesh,63
True,2600,99,Mikh'a Elakha,False,1710716892,Gilgamesh,63
True,2600,99,Mikh'a Elakha,False,1710716891,Gilgamesh,63
True,4991,9,Panha Polaali,False,1710716865,Midgardsormr,65
True,2818,25,Panha Polaali,False,1710716857,Midgardsormr,65
True,2890,99,Kuinn Noshiro,False,1710716729,Jenova,40
True,2600,99,Kirk Ortsol,False,1710716224,Gilgamesh,63
True,3095,99,Katarina Ivy,False,1710716158,Faerie,54
True,2855,51,Celeste Rin,False,1710716147,Sargatanas,99
True,2600,99,Dylan Traver,False,1710715814,Gilgamesh,63
True,2894,25,Bei Bei,False,1710715614,Jenova,40
True,2894,25,K'atto Minsc,False,1710715511,Jenova,40
True,3095,99,Wave Blaze,False,1710715436,Faerie,54
True,2818,99,Asa Aya,False,1710715422,Midgardsormr,65
True,2689,20,Shozan Hawkes,False,1710715260,Gilgamesh,63
True,2689,20,Rod Dragneel,False,1710715103,Gilgamesh,63
True,2689,25,Rod Dragneel,False,1710715101,Gilgamesh,63
True,2689,25,Rod Dragneel,False,1710715099,Gilgamesh,63
True,2600,99,Ji Yoon,False,1710714503,Gilgamesh,63
True,2600,99,Ji Yoon,False,1710714501,Gilgamesh,63
True,2854,99,Tiara Makinagi,False,1710714454,Sargatanas,99
True,2870,99,Luccy Reggeir,False,1710714393,Adamantoise,73
True,3094,99,Jeff Fahfah,False,1710713728,Faerie,54
True,2869,99,Reci Tumbleweed,False,1710713542,Adamantoise,73
True,2600,99,Ayvrielle Du'faigh,False,1710712612,Gilgamesh,63
True,2872,33,Aleratha Nyana,False,1710712447,Adamantoise,73
True,2400,10,Aleratha Nyana,False,1710712369,Cactuar,79
True,2689,20,Zigge Voss,False,1710711665,Gilgamesh,63
True,2689,20,Zigge Voss,False,1710711663,Gilgamesh,63
True,2689,25,Zigge Voss,False,1710711640,Gilgamesh,63
True,3023,99,Yamila Ren,False,1710711570,Siren,57
True,2870,99,R'yoji Khota,False,1710711381,Adamantoise,73
True,2858,99,Kekari Gekari,False,1710710148,Sargatanas,99
True,2817,99,Mitsu K'tal,False,1710709764,Midgardsormr,65
True,2870,33,Debbie Harry,False,1710708742,Adamantoise,73
True,2970,99,Nayuta Eternal,False,1710708498,Cactuar,79
True,3095,99,Delphin Lenedith,False,1710708486,Faerie,54
True,2818,25,Enkhtuya Sagahl,False,1710708193,Midgardsormr,65
True,2818,25,Enkhtuya Sagahl,False,1710708192,Midgardsormr,65
True,2818,25,Enkhtuya Sagahl,False,1710708191,Midgardsormr,65
True,3095,99,Alastor Sidero,False,1710707877,Faerie,54
True,3023,99,Happy Beginning,False,1710706378,Siren,57
True,3096,33,Feron Sevas,False,1710705674,Faerie,54
True,2872,33,Drake Bluefire,False,1710705629,Adamantoise,73
True,2871,30,Katnip Scholarship,False,1710705552,Adamantoise,73
True,2817,30,Seda Mujuuk,False,1710705347,Midgardsormr,65
True,2817,30,Seda Mujuuk,False,1710705346,Midgardsormr,65
True,2894,99,Kana Chan,False,1710705302,Jenova,40
True,2993,19,Amiria Centani,False,1710705047,Siren,57
True,2859,25,Krunkledunk Win,False,1710704918,Sargatanas,99
True,2871,99,Just Simpa,False,1710704660,Adamantoise,73
True,2871,99,Just Simpa,False,1710704645,Adamantoise,73
True,2871,99,Akiko Umu,False,1710704423,Adamantoise,73
True,2450,10,Watermelon B-b-baka,False,1710704167,Cactuar,79
True,2450,10,Watermelon B-b-baka,False,1710704166,Cactuar,79
True,2450,10,Watermelon B-b-baka,False,1710704165,Cactuar,79
True,3096,33,Lethaline Loire,False,1710704149,Faerie,54
True,2689,25,Bryllyg Beltix,False,1710702595,Gilgamesh,63
True,2970,99,Zoe Dalsha,False,1710702484,Cactuar,79
True,2689,99,Scheherazade Rukh,False,1710702240,Gilgamesh,63
True,2689,99,Noamy Dragonblood,False,1710701783,Gilgamesh,63
True,3096,99,Duckson Duckboi,False,1710700159,Faerie,54
True,2859,99,Freya White,False,1710698439,Sargatanas,99
True,2970,99,Alys Yaxin,False,1710698236,Cactuar,79
True,3097,99,Mechanized Memories,False,1710697182,Faerie,54
True,2894,99,Erumei Nyanko,False,1710696902,Jenova,40
True,2689,99,Roselia Harini,False,1710696197,Gilgamesh,63
True,2874,99,That Spross,False,1710695866,Adamantoise,73
True,2874,99,That Spross,False,1710695864,Adamantoise,73
True,2874,99,That Spross,False,1710695863,Adamantoise,73
True,2971,33,Lunidia Altis,False,1710695420,Cactuar,79
True,2689,99,Agreed Indeed,False,1710694605,Gilgamesh,63
True,2818,25,Mei Yura,False,1710692467,Midgardsormr,65
True,3024,99,Viv Morrigan,False,1710691339,Siren,57
True,2689,25,Mal Reynolds,False,1710688271,Gilgamesh,63
True,2689,99,Mal Reynolds,False,1710688267,Gilgamesh,63
True,2689,99,Mal Reynolds,False,1710688264,Gilgamesh,63
True,2689,99,Mal Reynolds,False,1710688262,Gilgamesh,63
True,2689,99,Mal Reynolds,False,1710688261,Gilgamesh,63
True,2689,99,Mal Reynolds,False,1710688260,Gilgamesh,63
True,2689,99,Mal Reynolds,False,1710688259,Gilgamesh,63
True,2689,99,Mal Reynolds,False,1710688258,Gilgamesh,63
True,2689,99,Mal Reynolds,False,1710688257,Gilgamesh,63
True,2689,99,Mal Reynolds,False,1710688256,Gilgamesh,63
True,2689,99,Mal Reynolds,False,1710688255,Gilgamesh,63
True,2689,99,Mal Reynolds,False,1710688254,Gilgamesh,63
True,2689,99,Mal Reynolds,False,1710688253,Gilgamesh,63
True,2689,99,Mal Reynolds,False,1710688252,Gilgamesh,63
True,2689,99,Mal Reynolds,False,1710688251,Gilgamesh,63
True,2689,99,Mal Reynolds,False,1710688250,Gilgamesh,63
True,2689,99,Mal Reynolds,False,1710688249,Gilgamesh,63
True,2689,99,Mal Reynolds,False,1710688248,Gilgamesh,63
True,2689,99,Mal Reynolds,False,1710688247,Gilgamesh,63
True,2858,99,Runakun Bentwhiskers,False,1710686816,Sargatanas,99
True,2399,33,Anh Jack,False,1710678413,Cactuar,79
True,2450,10,Sitan Angura,False,1710664448,Cactuar,79
True,3097,99,I'''v'''l I'''w'''l,False,1710664331,Faerie,54
True,3097,99,Xanthe Oxidase,False,1710662996,Faerie,54
True,2600,99,Pepper Mint,False,1710662071,Gilgamesh,63
True,2599,99,Morara Mora,False,1710660484,Gilgamesh,63
True,2599,99,Morara Mora,False,1710660483,Gilgamesh,63
True,3026,20,Yiyi Song,False,1710659068,Siren,57
True,2996,19,Yiyi Song,False,1710659066,Siren,57
True,2996,20,Yiyi Song,False,1710659065,Siren,57
True,2996,20,Warui Ibuki,False,1710658932,Siren,57
True,2996,20,Warui Ibuki,False,1710658929,Siren,57
True,2894,99,Shinsya Kocho,False,1710658863,Jenova,40
True,2878,99,Jaydenz Omega,False,1710658340,Adamantoise,73
True,2878,99,Jaydenz Omega,False,1710658339,Adamantoise,73
True,2995,99,Kallyn Norn,False,1710655423,Siren,57
True,2820,99,Kyelse Chunchunmaru,False,1710654333,Midgardsormr,65
True,2894,99,Frey Luna,False,1710653491,Jenova,40
True,2894,99,Frey Luna,False,1710653490,Jenova,40
True,2689,25,Y'poi Yumi,False,1710653372,Gilgamesh,63
True,2590,99,Constant Constipation,False,1710653317,Gilgamesh,63
True,2865,99,Azura Roseheart,False,1710650069,Sargatanas,99
True,2865,99,Azura Roseheart,False,1710650039,Sargatanas,99
True,3097,99,Lancen Alexandros,False,1710649131,Faerie,54
True,2996,20,Bastion Jovasch,False,1710648323,Siren,57
True,5999,5,Valena Nedela,False,1710647751,Faerie,54
True,2894,99,Turkey Roaster,False,1710646880,Jenova,40
True,3098,33,Jeff Fahfah,False,1710646240,Faerie,54
True,3098,33,Jeff Fahfah,False,1710646238,Faerie,54
True,2880,99,Rokai Dingle,False,1710646209,Adamantoise,73
True,2599,99,Hanna Kurogane,False,1710645626,Gilgamesh,63
True,2820,99,Atara Ruki,False,1710645602,Midgardsormr,65
True,2820,99,Kyrilian Lothaire,False,1710645581,Midgardsormr,65
True,2820,99,Kyrilian Lothaire,False,1710645577,Midgardsormr,65
True,3058,33,Kyiera Vandier,False,1710645166,Siren,57
True,3058,33,Kyiera Vandier,False,1710645163,Siren,57
True,2598,99,Micky Sux,False,1710645112,Gilgamesh,63
True,3027,20,Fandaniel The-jester,False,1710645017,Siren,57
True,2867,99,Coco Owo,False,1710644727,Sargatanas,99
True,2894,99,Aere Lewde,False,1710644217,Jenova,40
True,3098,33,Zlatokov Elonasch,False,1710643591,Faerie,54
True,2972,33,Fio Lafiel,False,1710643350,Cactuar,79
True,2881,50,Fairthorn Windspire,False,1710642690,Adamantoise,73
True,2880,99,J'klaus Gus,False,1710642448,Adamantoise,73
True,2894,99,Husband Materia,False,1710642375,Jenova,40
True,2880,99,John Zaremba,False,1710642108,Adamantoise,73
True,2972,99,Lil Won,False,1710641387,Cactuar,79
True,2971,50,Costello Ello,False,1710641375,Cactuar,79
True,2971,50,Costello Ello,False,1710641372,Cactuar,79
True,2971,50,Costello Ello,False,1710641369,Cactuar,79
True,2871,25,Lin Ra,False,1710641362,Sargatanas,99
True,2971,50,Costello Ello,False,1710641344,Cactuar,79
True,2971,50,Costello Ello,False,1710641342,Cactuar,79
True,2894,25,Silana Wolndara,False,1710641218,Jenova,40
True,3027,20,Shiro Ishihara,False,1710641081,Siren,57
True,3027,20,Shiro Ishihara,False,1710641079,Siren,57
True,2599,99,Ghostly Echo,False,1710640769,Gilgamesh,63
True,2894,99,Elyrin Farron,False,1710640694,Jenova,40
True,3098,33,Aran'ya Imaizumi,False,1710640532,Faerie,54
True,3092,10,Aran'ya Imaizumi,False,1710640528,Faerie,54
True,2820,25,Ainz Aurelious,False,1710640206,Midgardsormr,65
True,2820,25,Ainz Aurelious,False,1710640204,Midgardsormr,65
True,3098,33,Iris North,False,1710639610,Faerie,54
True,2871,99,Gio Boy,False,1710639389,Sargatanas,99
True,2449,99,S'whol Luxia,False,1710639389,Cactuar,79
True,3026,33,Lost Penguin,False,1710639357,Siren,57
True,3026,33,Lost Penguin,False,1710639356,Siren,57
True,3026,33,Lost Penguin,False,1710639355,Siren,57
True,3026,99,Lost Penguin,False,1710639354,Siren,57
True,3098,99,Marceline Amaris,False,1710639158,Faerie,54
True,2880,99,Childe Estrelaint,False,1710638967,Adamantoise,73
True,2894,25,Rhiya Celorah,False,1710638680,Jenova,40
True,2894,99,Yolle Valjabun,False,1710638643,Jenova,40
True,2972,33,Alysraia Kharlan,False,1710638096,Cactuar,79
True,2600,99,Vincca Valerius,False,1710637964,Gilgamesh,63
True,2599,99,Kasumi Starshine,False,1710637884,Gilgamesh,63
True,2450,10,Somlia Malen'kaya,False,1710637793,Cactuar,79
True,2450,10,Somlia Malen'kaya,False,1710637791,Cactuar,79
True,2820,25,Zylche Lux,False,1710637154,Midgardsormr,65
True,2873,99,Sleepy Sea,False,1710637003,Sargatanas,99
True,3026,99,Jezabella Moretz,False,1710636542,Siren,57
True,2599,99,Mahal Jaani,False,1710636353,Gilgamesh,63
True,2599,99,Alyriah Piri,False,1710636113,Gilgamesh,63
True,2880,25,Tear Grants,False,1710636050,Adamantoise,73
True,3026,99,Rya Midoriya,False,1710635570,Siren,57
True,3026,99,Fabian Hazuki,False,1710635556,Siren,57
True,3026,99,Fabian Hazuki,False,1710635555,Siren,57
False,1500,39,Puddles Joi,False,1710635211,Gilgamesh,63
True,2600,99,Puddles Joi,False,1710635207,Gilgamesh,63
True,2882,99,Jen Bros,False,1710634364,Adamantoise,73
True,3093,70,Wave Blaze,False,1710634188,Faerie,54
True,3098,99,Bay Bay,False,1710633678,Faerie,54
True,2821,99,Azazel Uuthraki,False,1710633623,Midgardsormr,65
True,3090,99,Ty Zain,False,1710633459,Siren,57
True,3090,99,Ty Zain,False,1710633457,Siren,57
True,2875,99,Fate Calibration,False,1710633059,Sargatanas,99
True,2875,99,Fate Calibration,False,1710633058,Sargatanas,99
True,2600,99,Claude Corleone,False,1710632937,Gilgamesh,63
True,2877,50,Burning Solar,False,1710632752,Sargatanas,99
True,2973,99,Flavin Flintstream,False,1710632660,Cactuar,79
True,2973,99,Flavin Flintstream,False,1710632653,Cactuar,79
True,2973,33,Seraph Alter,False,1710632644,Cactuar,79
True,2973,33,Kittles Nbitz,False,1710632108,Cactuar,79
True,2450,10,Kittles Nbitz,False,1710632102,Cactuar,79
True,2450,10,Kittles Nbitz,False,1710632100,Cactuar,79
True,2821,99,Chibi Steelheart,False,1710631758,Midgardsormr,65
True,2875,99,Despy Mitlu,False,1710631716,Sargatanas,99
True,2875,99,Despy Mitlu,False,1710631715,Sargatanas,99
True,2920,99,Night Raid-,False,1710631358,Jenova,40
True,2920,99,Shy Na,False,1710631284,Jenova,40
True,2600,99,Samer Black,False,1710630461,Gilgamesh,63
True,2600,99,Samer Black,False,1710630460,Gilgamesh,63
True,2920,99,Naphintus Summerwind,False,1710630217,Jenova,40
True,2820,25,Sami Polaali,False,1710630216,Midgardsormr,65
True,2919,25,Naphintus Summerwind,False,1710630209,Jenova,40
True,2919,25,Naphintus Summerwind,False,1710630204,Jenova,40
True,2919,25,Naphintus Summerwind,False,1710630200,Jenova,40
True,2600,99,My Melody,False,1710630180,Gilgamesh,63
True,2599,99,Dylan Traver,False,1710629714,Gilgamesh,63
True,2819,16,Exelue Tian,False,1710629626,Midgardsormr,65
True,2820,25,Azereth Saixtsune,False,1710629385,Midgardsormr,65
True,3090,99,Magnus Sanator,False,1710629101,Siren,57
True,2449,99,Astrud Lawliet,False,1710628609,Cactuar,79
True,2820,36,Red Starburst,False,1710628347,Midgardsormr,65
True,2819,30,Red Starburst,False,1710628345,Midgardsormr,65
True,2819,30,Red Starburst,False,1710628344,Midgardsormr,65
True,2915,99,Tree Cat,False,1710627755,Jenova,40
True,2885,33,Tika Deluna,False,1710627664,Adamantoise,73
True,2919,25,Yve Alexandra,False,1710626815,Jenova,40
True,3099,99,Coffee Lover,False,1710626802,Faerie,54
True,3099,99,Coffee Lover,False,1710626800,Faerie,54
True,3090,99,Aer Plushy,False,1710626700,Siren,57
True,2600,99,Veniras Soliara,False,1710626112,Gilgamesh,63
True,2599,99,Veniras Soliara,False,1710626111,Gilgamesh,63
True,2599,99,Veniras Soliara,False,1710626109,Gilgamesh,63
True,2973,33,Nealie Urd,False,1710625622,Cactuar,79
True,2450,10,Nealie Urd,False,1710625620,Cactuar,79
True,2450,10,Nealie Urd,False,1710625619,Cactuar,79
True,2883,99,Liz Rosea,False,1710625359,Adamantoise,73
True,2883,99,Liz Rosea,False,1710625346,Adamantoise,73
True,2973,33,M'rhavi Tidras,False,1710625025,Cactuar,79
True,3099,99,Cateroth Cupcake,False,1710624957,Faerie,54
True,3099,99,Erik Satie,False,1710623428,Faerie,54
True,2973,99,Peiikai Sirona,False,1710622760,Cactuar,79
True,2973,99,Peiikai Sirona,False,1710622758,Cactuar,79
True,2973,99,Peiikai Sirona,False,1710622756,Cactuar,79
True,2973,33,Alnerea Frostwyght,False,1710622355,Cactuar,79
True,2821,30,Sinister Addiction,False,1710622310,Midgardsormr,65
True,2821,30,Sinister Addiction,False,1710622307,Midgardsormr,65
True,2689,99,Faerynn Sunchaser,False,1710621927,Gilgamesh,63
True,2689,99,Faerynn Sunchaser,False,1710621925,Gilgamesh,63
True,2689,99,Faerynn Sunchaser,False,1710621923,Gilgamesh,63
True,2822,25,Enkhtuya Sagahl,False,1710621508,Midgardsormr,65
True,2822,25,Enkhtuya Sagahl,False,1710621506,Midgardsormr,65
True,2972,33,Luna Roux,False,1710621370,Cactuar,79
True,2973,99,Budda Dawg,False,1710621145,Cactuar,79
True,2972,33,Budda Dawg,False,1710621143,Cactuar,79
True,2972,33,Budda Dawg,False,1710621141,Cactuar,79
True,2971,99,Budda Dawg,False,1710621139,Cactuar,79
True,3090,99,Amilyn Sunshadow,False,1710621121,Siren,57
True,3090,99,Amilyn Sunshadow,False,1710621120,Siren,57
True,3090,99,Amilyn Sunshadow,False,1710621119,Siren,57
True,2600,33,Watermelon B-b-baka,False,1710620412,Gilgamesh,63
True,2600,33,Watermelon B-b-baka,False,1710620411,Gilgamesh,63
True,2600,99,Darwen Ixthania,False,1710620105,Gilgamesh,63
True,2450,10,Darwen Ixthania,False,1710619984,Cactuar,79
True,2450,10,Darwen Ixthania,False,1710619982,Cactuar,79
True,2400,10,Darwen Ixthania,False,1710619980,Cactuar,79
True,2399,99,Mia Hatori,False,1710619912,Cactuar,79
True,2821,99,Jerielmia Rayn,False,1710619609,Midgardsormr,65
True,2820,99,Jerielmia Rayn,False,1710619607,Midgardsormr,65
True,2820,99,Ano Vasilieva,False,1710619564,Midgardsormr,65
True,2000,30,Mister Bonbon,False,1710619514,Midgardsormr,65
True,2919,25,Khang Nguyen,False,1710618143,Jenova,40
True,3090,33,Amiria Centani,False,1710617195,Siren,57
True,2600,99,Cool-mint Crayola,False,1710616724,Gilgamesh,63
True,2600,99,Cool-mint Crayola,False,1710616723,Gilgamesh,63
True,2600,99,Lumina Kojima,False,1710616344,Gilgamesh,63
True,2600,99,Lumina Kojima,False,1710616342,Gilgamesh,63
True,2600,99,Luranix Willowkar,False,1710615846,Gilgamesh,63
True,2915,30,Moka Latta,False,1710615740,Jenova,40
True,3099,33,Elric Lionroar,False,1710615589,Faerie,54
True,2820,99,Raf Barker,False,1710615141,Midgardsormr,65
True,2879,99,Zorka Zeppeli,False,1710615061,Sargatanas,99
True,2920,99,Khang Nguyen,False,1710614829,Jenova,40
True,2915,30,Khang Nguyen,False,1710614828,Jenova,40
True,2920,99,Khang Nguyen,False,1710614826,Jenova,40
True,2915,30,Khang Nguyen,False,1710614824,Jenova,40
True,2972,33,Myniel Blair,False,1710613780,Cactuar,79
True,2973,99,Solidor Snake,False,1710612696,Cactuar,79
True,3091,99,Chronic Depression,False,1710612406,Siren,57
True,2600,99,Arkadiusz Caela,False,1710612173,Gilgamesh,63
True,2915,30,Akari Tyatu,False,1710610770,Jenova,40
True,2915,30,K'sari Sohma,False,1710609821,Jenova,40
True,2689,25,Shozan Hawkes,False,1710609615,Gilgamesh,63
True,3091,99,Becca Brightfalls,False,1710608938,Siren,57
True,3100,99,Azimut Sylbstyrn,False,1710608535,Faerie,54
True,2400,10,Sweetfish Barracuda,False,1710608405,Cactuar,79
True,3091,99,Usyren Usaiar,False,1710607984,Siren,57
True,3091,99,Usyren Usaiar,False,1710607982,Siren,57
True,3091,99,Usyren Usaiar,False,1710607981,Siren,57
True,3091,99,Usyren Usaiar,False,1710607980,Siren,57
True,3091,99,Usyren Usaiar,False,1710607979,Siren,57
True,3091,99,Usyren Usaiar,False,1710607978,Siren,57
True,3091,99,Usyren Usaiar,False,1710607977,Siren,57
True,3090,12,Usyren Usaiar,False,1710607975,Siren,57
True,3089,99,Usyren Usaiar,False,1710607974,Siren,57
True,2974,50,Illiad Serouk,False,1710607375,Cactuar,79
True,2919,99,Maki Okkotsu,False,1710602697,Jenova,40
True,2887,99,Geeji Xenoblade,False,1710602391,Adamantoise,73
True,2600,99,Draco Ryuu,False,1710600513,Gilgamesh,63
True,2599,99,Draco Ryuu,False,1710600510,Gilgamesh,63
True,2599,99,Draco Ryuu,False,1710600508,Gilgamesh,63
False,1980,15,Tsen Khatayin,False,1710599986,Gilgamesh,63
True,2600,99,Phron Salvinus,False,1710599654,Gilgamesh,63
True,2600,99,Phron Salvinus,False,1710599641,Gilgamesh,63
True,2598,99,Phron Salvinus,False,1710599637,Gilgamesh,63
True,2300,3,Phron Salvinus,False,1710599636,Gilgamesh,63
True,2300,99,Phron Salvinus,False,1710599633,Gilgamesh,63
True,2880,99,Claire Es,False,1710598521,Sargatanas,99
True,2978,20,M'rhavi Tidras,False,1710598285,Cactuar,79
True,2974,99,Bored Person,False,1710598118,Cactuar,79
True,3091,99,Sun Princess,False,1710593505,Siren,57
True,2883,25,Shou Eiran,False,1710590873,Sargatanas,99
True,2919,99,That Spross,False,1710587844,Jenova,40
True,2919,99,That Spross,False,1710587843,Jenova,40
True,2919,99,That Spross,False,1710587842,Jenova,40
True,2822,25,Sandbag Joey,False,1710587631,Midgardsormr,65
True,2919,99,Shuu San,False,1710584642,Jenova,40
True,2822,99,Thor Amgdust,False,1710580070,Midgardsormr,65
True,2822,99,Thor Amgdust,False,1710580068,Midgardsormr,65
True,2689,99,Egolith Quicksilver,False,1710579709,Gilgamesh,63
True,2689,99,Egolith Quicksilver,False,1710579707,Gilgamesh,63
True,2689,99,Pie Maker,False,1710578021,Gilgamesh,63
True,3090,99,Kieren Esugen,False,1710576967,Siren,57
True,3090,99,Kieren Esugen,False,1710576965,Siren,57
True,3090,99,Kieren Esugen,False,1710576964,Siren,57
True,2884,99,Beatrice Holic,False,1710576839,Sargatanas,99
True,2975,99,Roomy Kun,False,1710575351,Cactuar,79
True,2885,99,Aqua Slimegirl,False,1710573117,Sargatanas,99
True,2885,99,Aqua Slimegirl,False,1710573114,Sargatanas,99
True,2885,99,Aqua Slimegirl,False,1710573113,Sargatanas,99
True,2887,25,Fika Schentze,False,1710572679,Adamantoise,73
True,2887,25,Fika Schentze,False,1710572677,Adamantoise,73
True,2919,99,Melnya Borel,False,1710572599,Jenova,40
True,2888,50,Tear Ill,False,1710571804,Adamantoise,73
True,2450,10,Roomy Kun,False,1710570898,Cactuar,79
True,2450,10,Roomy Kun,False,1710570897,Cactuar,79
True,2691,99,Thigh Highs,False,1710570839,Gilgamesh,63
True,3164,33,Zeruel Rodma,False,1710569954,Faerie,54
True,2887,99,Yeul Laelynn,False,1710569863,Sargatanas,99
True,3090,99,Seal Noises,False,1710567362,Siren,57
True,2824,25,Free Healthcare,False,1710567230,Midgardsormr,65
True,2823,99,Arturia Catgirl,False,1710567113,Midgardsormr,65
True,2823,99,Arturia Catgirl,False,1710567112,Midgardsormr,65
True,2824,25,Kai Eternal,False,1710566955,Midgardsormr,65
True,3090,99,Zari Kisne,False,1710566793,Siren,57
True,2975,99,Enhevy X'tabay,False,1710566717,Cactuar,79
True,2824,99,Poe Yu,False,1710566675,Midgardsormr,65
True,2824,99,Poe Yu,False,1710566673,Midgardsormr,65
True,3090,99,Yiyi Song,False,1710566235,Siren,57
True,2824,99,Hersula Artur,False,1710564859,Midgardsormr,65
True,2697,25,Aila Fortunas,False,1710564453,Gilgamesh,63
True,2697,25,Aila Fortunas,False,1710564451,Gilgamesh,63
True,2697,99,Musei Yuki,False,1710564025,Gilgamesh,63
True,2697,25,Lixiss Hygge,False,1710563898,Gilgamesh,63
True,2889,25,Katniss Swiftpaw,False,1710562989,Adamantoise,73
True,2925,99,Tree Cat,False,1710562964,Jenova,40
True,3164,99,Selina Shmee,False,1710562608,Faerie,54
True,2697,99,Becca Brightfeather,False,1710562401,Gilgamesh,63
True,2929,25,Allor Cedar,False,1710562159,Jenova,40
True,2697,99,Payton Flare,False,1710562109,Gilgamesh,63
True,2925,99,Ven Seru,False,1710561888,Jenova,40
True,2890,99,Shay Laren,False,1710561372,Sargatanas,99
True,2929,25,Hana Kaori,False,1710561281,Jenova,40
True,2824,25,Enkhtuya Sagahl,False,1710560844,Midgardsormr,65
True,2793,99,Koriu Valkai,False,1710560644,Gilgamesh,63
True,2929,25,Tu Tu,False,1710560643,Jenova,40
True,3164,99,Rupika Milarose,False,1710560642,Faerie,54
True,2975,99,Chrono Ashtear,False,1710560138,Cactuar,79
True,2975,99,Chrono Ashtear,False,1710560136,Cactuar,79
True,2975,99,Chrono Ashtear,False,1710560135,Cactuar,79
True,3164,99,Kiara Rosethorne,False,1710559837,Faerie,54
True,3164,99,Kiara Rosethorne,False,1710559836,Faerie,54
True,3164,99,Kiara Rosethorne,False,1710559835,Faerie,54
True,2700,99,Talimia Verra,False,1710559672,Gilgamesh,63
True,2700,99,Talimia Verra,False,1710559668,Gilgamesh,63
True,2890,99,Scar Aensland,False,1710559609,Sargatanas,99
True,3000,33,Reina Kousaka,False,1710559109,Siren,57
True,3000,33,Reina Kousaka,False,1710559108,Siren,57
True,2925,99,I'don'tplay I'slay,False,1710558887,Jenova,40
True,2925,99,I'don'tplay I'slay,False,1710558885,Jenova,40
True,2925,99,I'don'tplay I'slay,False,1710558884,Jenova,40
True,2824,99,Cheton Zunbil,False,1710558652,Midgardsormr,65
True,2794,99,Al'rht Tisdk,False,1710558533,Gilgamesh,63
True,2794,99,Al'rht Tisdk,False,1710558518,Gilgamesh,63
True,2794,99,Al'rht Tisdk,False,1710558516,Gilgamesh,63
True,2794,99,Al'rht Tisdk,False,1710558515,Gilgamesh,63
True,3000,33,Rita Hildebrand,False,1710558190,Siren,57
True,2794,99,Mavis Nymvia,False,1710557306,Gilgamesh,63
True,2794,99,Mavis Nymvia,False,1710557305,Gilgamesh,63
True,2794,99,Mavis Nymvia,False,1710557303,Gilgamesh,63
True,2790,99,Mavis Nymvia,False,1710557301,Gilgamesh,63
True,2891,25,Small Potato,False,1710556988,Sargatanas,99
True,2891,99,Dade Deini,False,1710556943,Sargatanas,99
True,3000,33,Lapine Buns,False,1710556648,Siren,57
True,2928,99,Floe Fodlan,False,1710556334,Jenova,40
True,2974,99,Cordula Schlem,False,1710555966,Cactuar,79
True,2890,99,Cendi Mendi,False,1710555745,Adamantoise,73
True,2893,25,Delta Star,False,1710555384,Sargatanas,99
True,3099,50,Cha Siu,False,1710555186,Faerie,54
True,2893,25,Lalatte Latte,False,1710554909,Sargatanas,99
True,2893,25,Lalatte Latte,False,1710554908,Sargatanas,99
True,2826,25,Aonnyx Avarice,False,1710553885,Midgardsormr,65
True,3091,33,Clem Arcane,False,1710553834,Siren,57
True,2826,99,Tasukaru Theoscharis,False,1710552883,Midgardsormr,65
True,2450,10,Dia Ania,False,1710552705,Cactuar,79
True,2450,10,Dia Ania,False,1710552703,Cactuar,79
True,2450,10,Dia Ania,False,1710552702,Cactuar,79
True,2894,99,Like Snow,False,1710552628,Sargatanas,99
True,3091,33,Yachiyo Hakuuchi,False,1710552542,Siren,57
True,3091,33,Kibo Tia,False,1710552358,Siren,57
True,2795,99,Ded Dove,False,1710552204,Gilgamesh,63
True,3091,33,Tracy Starchaser,False,1710552026,Siren,57
True,3164,99,Shinta Battousai,False,1710551801,Faerie,54
True,5999,5,Venetia Ardenus,False,1710551642,Faerie,54
True,5999,5,Venetia Ardenus,False,1710551636,Faerie,54
True,5415,18,Duraeus Entenu,False,1710551608,Sargatanas,99
True,2976,99,Llama Gee,False,1710551565,Cactuar,79
True,3019,20,H'vy Harrison,False,1710551402,Gilgamesh,63
True,2797,99,Jay Chan,False,1710551363,Gilgamesh,63
True,3091,33,Kaede Yasashi,False,1710551281,Siren,57
True,3091,33,Kaede Yasashi,False,1710551280,Siren,57
True,3092,99,Kaede Yasashi,False,1710551279,Siren,57
True,3091,99,Kaede Yasashi,False,1710551275,Siren,57
True,3091,99,Kaede Yasashi,False,1710551274,Siren,57
True,3091,99,Kaede Yasashi,False,1710551273,Siren,57
True,3091,99,Kaede Yasashi,False,1710551272,Siren,57
True,2895,99,Shinji Shady,False,1710551144,Sargatanas,99
True,2895,99,Shinji Shady,False,1710551142,Sargatanas,99
True,2797,99,Eroleice Mu,False,1710550881,Gilgamesh,63
True,2826,99,Monarch Narcis,False,1710550792,Midgardsormr,65
True,2895,99,Taluu Soryn,False,1710550633,Sargatanas,99
True,2902,60,Krael Duskfeather,False,1710550389,Sargatanas,99
True,2826,25,Ineeda Break,False,1710550197,Midgardsormr,65
True,2933,25,Aeo Arcanist,False,1710550146,Jenova,40
True,2896,25,Ciri Havoc,False,1710550068,Sargatanas,99
True,2826,99,Raspberry Chai,False,1710550044,Midgardsormr,65
True,2797,99,Latti Laine,False,1710549769,Gilgamesh,63
True,2896,25,Small Potato,False,1710549744,Sargatanas,99
True,2933,99,Dr Proctor,False,1710549362,Jenova,40
True,2827,99,Celestia Grain,False,1710548890,Midgardsormr,65
True,2827,99,G'brile Milla,False,1710548845,Midgardsormr,65
True,2827,99,Bianni Serento,False,1710548830,Midgardsormr,65
True,2934,99,Ola Eldevik,False,1710548398,Jenova,40
True,2933,25,Ola Eldevik,False,1710548397,Jenova,40
True,2930,99,Ola Eldevik,False,1710548396,Jenova,40
True,3100,10,Aran'ya Imaizumi,False,1710548369,Faerie,54
True,2827,99,Lisa Kuma,False,1710547997,Midgardsormr,65
True,2976,99,I'm Fox,False,1710547439,Cactuar,79
True,2976,99,I'm Fox,False,1710547438,Cactuar,79
True,2450,10,I'm Fox,False,1710547436,Cactuar,79
True,2976,99,I'm Fox,False,1710547433,Cactuar,79
True,2798,99,Sigsmunda Sicarius,False,1710547432,Gilgamesh,63
True,2975,99,I'm Fox,False,1710547432,Cactuar,79
True,2975,99,I'm Fox,False,1710547430,Cactuar,79
True,2975,99,I'm Fox,False,1710547420,Cactuar,79
True,2975,99,I'm Fox,False,1710547419,Cactuar,79
True,2933,25,No Anime,False,1710547322,Jenova,40
True,2975,99,Jenny Boo,False,1710547278,Cactuar,79
True,3091,99,Cassius Tayuun,False,1710547218,Siren,57
True,2933,25,Akari Tyatu,False,1710547009,Jenova,40
True,2901,25,Rikke Daenos,False,1710546649,Sargatanas,99
True,2901,25,Rikke Daenos,False,1710546648,Sargatanas,99
True,2898,99,Sarah Skywell,False,1710546338,Sargatanas,99
True,2901,25,Osiric Ziggy,False,1710545862,Sargatanas,99
True,2901,25,Osiric Ziggy,False,1710545861,Sargatanas,99
True,2449,99,Ice Qx,False,1710545799,Cactuar,79
True,2896,99,Theresa Apocalypse,False,1710545411,Adamantoise,73
True,2930,99,Falcon Deloix,False,1710545364,Jenova,40
True,2898,99,Jun Koi,False,1710545137,Sargatanas,99
True,2898,99,Jun Koi,False,1710545136,Sargatanas,99
True,3099,50,Arculus Darg,False,1710545062,Faerie,54
True,2798,99,Courtney Nash,False,1710544945,Gilgamesh,63
True,2933,25,Newt Astrophel,False,1710544104,Jenova,40
True,2933,25,Newt Astrophel,False,1710544103,Jenova,40
True,2799,33,Aelin Bandras,False,1710543919,Gilgamesh,63
True,2798,99,Tobes Yunalesca,False,1710543781,Gilgamesh,63
True,2898,99,Ethel Malaguld,False,1710542846,Sargatanas,99
True,2898,99,Ethel Malaguld,False,1710542844,Sargatanas,99
True,2948,99,Sauron El-gato,False,1710542468,Cactuar,79
True,2827,99,Skylair Desperado,False,1710542449,Midgardsormr,65
True,2449,99,Sauron El-gato,False,1710542415,Cactuar,79
True,2450,10,Sauron El-gato,False,1710542338,Cactuar,79
True,2450,10,Sauron El-gato,False,1710542336,Cactuar,79
True,2930,99,Akumi Kuyo,False,1710541912,Jenova,40
True,2795,30,Syannia Delfino,False,1710541835,Midgardsormr,65
True,2795,30,Syannia Delfino,False,1710541811,Midgardsormr,65
True,2794,25,Syannia Delfino,False,1710541809,Midgardsormr,65
True,2799,99,Icey Valentine,False,1710540918,Gilgamesh,63
True,2799,99,Icey Valentine,False,1710540917,Gilgamesh,63
True,2799,99,Icey Valentine,False,1710540915,Gilgamesh,63
True,2957,50,Dane Chastain,False,1710540886,Adamantoise,73
True,2900,46,Dane Chastain,False,1710540880,Adamantoise,73
True,2793,45,Jim Jams,False,1710539997,Midgardsormr,65
True,2899,99,Roko Draymr,False,1710538226,Adamantoise,73
True,2930,99,Medori Tenosu,False,1710538001,Jenova,40
True,2930,99,Cwen Talia,False,1710537955,Jenova,40
True,2899,25,Gwendolynn Gemseeker,False,1710537631,Gilgamesh,63
True,3164,99,Lennox Lark,False,1710535200,Faerie,54
True,3164,99,Lennox Lark,False,1710535199,Faerie,54
True,3164,99,Lennox Lark,False,1710535198,Faerie,54
True,3164,99,Lennox Lark,False,1710535196,Faerie,54
True,3164,99,Lennox Lark,False,1710535195,Faerie,54
True,2899,25,Tahm Umbra,False,1710533913,Gilgamesh,63
True,2878,24,Tahm Umbra,False,1710533911,Gilgamesh,63
True,2794,99,Katze Phlox,False,1710533725,Gilgamesh,63
True,2794,99,Katze Phlox,False,1710533723,Gilgamesh,63
True,2794,99,Katze Phlox,False,1710533722,Gilgamesh,63
True,2790,99,Katze Phlox,False,1710533721,Gilgamesh,63
True,2794,25,Sig'du Ishotto,False,1710533181,Midgardsormr,65
True,2794,25,Sig'du Ishotto,False,1710533179,Midgardsormr,65
True,2794,99,Ayase Kikuchi,False,1710532877,Gilgamesh,63
True,2975,99,Adrian Crestfield,False,1710531691,Cactuar,79
True,2450,10,Adrian Crestfield,False,1710531689,Cactuar,79
True,2450,10,Adrian Crestfield,False,1710531688,Cactuar,79
True,3163,99,Cap Stone,False,1710526963,Faerie,54
True,2974,40,Loco Poco,False,1710526265,Cactuar,79
True,2900,99,Luca- Blight,False,1710524015,Sargatanas,99
True,2900,99,Luca- Blight,False,1710524012,Sargatanas,99
True,2899,99,Luca- Blight,False,1710524009,Sargatanas,99
True,3164,99,Vera Vespar,False,1710520752,Faerie,54
True,2933,99,Tulgey Wood,False,1710520676,Jenova,40
False,900,3,Tulgey Wood,False,1710520673,Jenova,40
True,2827,99,Camellia Yagami,False,1710519733,Midgardsormr,65
True,2827,99,Camellia Yagami,False,1710519732,Midgardsormr,65
True,2827,99,Camellia Yagami,False,1710519731,Midgardsormr,65
True,2827,99,Camellia Yagami,False,1710519730,Midgardsormr,65
True,2827,99,Camellia Yagami,False,1710519729,Midgardsormr,65
True,2824,99,Camellia Yagami,False,1710519728,Midgardsormr,65
True,2824,99,Camellia Yagami,False,1710519727,Midgardsormr,65
True,2824,99,Camellia Yagami,False,1710519726,Midgardsormr,65
True,2823,99,Camellia Yagami,False,1710519725,Midgardsormr,65
True,2800,93,Camellia Yagami,False,1710519724,Midgardsormr,65
True,2800,99,Camellia Yagami,False,1710519723,Midgardsormr,65
True,2800,99,Camellia Yagami,False,1710519722,Midgardsormr,65
True,2800,99,Camellia Yagami,False,1710519721,Midgardsormr,65
True,2800,99,Camellia Yagami,False,1710519720,Midgardsormr,65
True,2800,99,Camellia Yagami,False,1710519718,Midgardsormr,65
True,2800,99,Camellia Yagami,False,1710519716,Midgardsormr,65
True,2799,99,Camellia Yagami,False,1710519715,Midgardsormr,65
True,2899,99,Romizz Durizz,False,1710519074,Sargatanas,99
True,2933,99,Mister Wonderful,False,1710518377,Jenova,40
True,2931,24,Mister Wonderful,False,1710518375,Jenova,40
True,2900,50,Kore Astraios,False,1710518006,Sargatanas,99
True,2898,99,Whowhatwhere Whyhow,False,1710512911,Gilgamesh,63
True,2450,10,Phron Salvinus,False,1710509394,Cactuar,79
True,2450,10,Phron Salvinus,False,1710509392,Cactuar,79
True,2450,10,Phron Salvinus,False,1710509390,Cactuar,79
True,2449,45,Phron Salvinus,False,1710509388,Cactuar,79
True,3166,99,Raise Dead,False,1710502077,Faerie,54
True,2959,25,Kanae Moonlight,False,1710497770,Adamantoise,73
True,2899,99,Light Dasani,False,1710495567,Gilgamesh,63
True,2899,99,Light Dasani,False,1710495566,Gilgamesh,63
True,2899,99,Light Dasani,False,1710495565,Gilgamesh,63
True,2899,99,Light Dasani,False,1710495564,Gilgamesh,63
True,2899,99,Light Dasani,False,1710495563,Gilgamesh,63
True,2899,99,Light Dasani,False,1710495562,Gilgamesh,63
True,2899,99,Light Dasani,False,1710495561,Gilgamesh,63
True,2899,99,Light Dasani,False,1710495559,Gilgamesh,63
True,2700,33,Light Dasani,False,1710495558,Gilgamesh,63
True,2700,33,Light Dasani,False,1710495557,Gilgamesh,63
True,2700,33,Light Dasani,False,1710495556,Gilgamesh,63
True,2700,33,Light Dasani,False,1710495554,Gilgamesh,63
True,2700,33,Light Dasani,False,1710495552,Gilgamesh,63
True,2700,99,Light Dasani,False,1710495550,Gilgamesh,63
True,2700,99,Light Dasani,False,1710495549,Gilgamesh,63
True,2700,99,Light Dasani,False,1710495548,Gilgamesh,63
True,2700,99,Light Dasani,False,1710495547,Gilgamesh,63
True,2700,99,Light Dasani,False,1710495546,Gilgamesh,63
True,2700,99,Light Dasani,False,1710495545,Gilgamesh,63
True,2933,99,Kosame Amagai,False,1710494755,Jenova,40
True,2933,99,Kosame Amagai,False,1710494754,Jenova,40
True,3166,33,Breeze Anemoi,False,1710493275,Faerie,54
True,2933,99,Zonari Ai,False,1710493239,Jenova,40
True,2959,25,Sami Akhabila,False,1710491061,Adamantoise,73
True,2933,99,Issei Kataribe,False,1710487910,Jenova,40
True,2899,99,Evangeline Mcdowd,False,1710487711,Gilgamesh,63
True,2899,99,Evangeline Mcdowd,False,1710487709,Gilgamesh,63
True,2899,99,Evangeline Mcdowd,False,1710487707,Gilgamesh,63
True,2794,99,Reiza Syltrios,False,1710487680,Midgardsormr,65
True,2933,99,Colin Reveck,False,1710486284,Jenova,40
True,2933,99,Eros Ventus,False,1710486191,Jenova,40
True,2933,99,Eros Ventus,False,1710486189,Jenova,40
True,2959,99,Sneaky Castro,False,1710484933,Adamantoise,73
True,2794,99,M'aahri Mint,False,1710484145,Midgardsormr,65
True,2500,10,Roomy Kun,False,1710482560,Cactuar,79
True,2500,10,Roomy Kun,False,1710482559,Cactuar,79
True,1500,13,Roomy Kun,False,1710482558,Cactuar,79
True,2500,10,Roomy Kun,False,1710482557,Cactuar,79
True,3166,99,Silent Mimo,False,1710482482,Faerie,54
True,3166,99,Lunan Callisto,False,1710482406,Faerie,54
True,2933,99,Butters Siesta,False,1710481610,Jenova,40
True,2903,99,Stephen Heyen,False,1710481177,Sargatanas,99
True,2903,99,Stephen Heyen,False,1710481175,Sargatanas,99
True,3165,42,Scooty Booty,False,1710480846,Faerie,54
True,3166,99,Gurrarn Zirnfarr,False,1710480391,Faerie,54
True,2933,99,Sir Bj,False,1710479483,Jenova,40
True,2933,25,Gerad Dragmire,False,1710478745,Jenova,40
True,2903,99,Viktor Iasecretes,False,1710478126,Sargatanas,99
True,2794,25,Zylche Lux,False,1710477399,Midgardsormr,65
True,2794,25,Zylche Lux,False,1710477398,Midgardsormr,65
True,3166,33,Nero Ceruleum,False,1710477234,Faerie,54
True,2933,99,Normy Tia,False,1710477219,Jenova,40
True,2933,99,Normy Tia,False,1710477215,Jenova,40
True,2794,99,Lucky Mister,False,1710476428,Midgardsormr,65
True,3099,99,Seraphina Lockheart,False,1710476097,Siren,57
True,3000,99,Loxy Yoon,False,1710476030,Gilgamesh,63
True,2999,33,Micky Sux,False,1710475851,Siren,57
True,3166,33,Eden Altair,False,1710475836,Faerie,54
True,2934,99,Vikka Alduvel,False,1710475627,Jenova,40
True,2960,99,Sancho Ka'aukai,False,1710475382,Adamantoise,73
True,2999,33,Miami Nobu,False,1710475116,Siren,57
True,2999,33,Jo Nah,False,1710474872,Siren,57
True,2899,99,Doordash Fajitas,False,1710474180,Cactuar,79
True,3166,99,Millie Ludolf,False,1710474127,Faerie,54
True,2798,99,Gonpachiro Kamaboko,False,1710474065,Midgardsormr,65
True,2798,99,Gonpachiro Kamaboko,False,1710474041,Midgardsormr,65
True,3024,99,Ygbria Zaphiraf,False,1710473757,Gilgamesh,63
True,3166,99,Athos Longreach,False,1710473334,Faerie,54
True,2960,99,Kiehun Byrne,False,1710473045,Adamantoise,73
True,3025,25,Kasumi Starshine,False,1710471676,Gilgamesh,63
True,3025,25,Popoto Salade,False,1710471455,Gilgamesh,63
True,3025,25,Popoto Salade,False,1710471369,Gilgamesh,63
True,3025,25,Popoto Salade,False,1710471368,Gilgamesh,63
True,3023,20,Maria I'uwu,False,1710470790,Gilgamesh,63
True,2798,33,Naera Dji'ra,False,1710470726,Midgardsormr,65
True,3023,20,Sokhatai Khatayin,False,1710470213,Gilgamesh,63
True,2962,99,Temmy Toon,False,1710469803,Adamantoise,73
True,3167,99,Erik Satie,False,1710469779,Faerie,54
True,3167,99,Yazlana Rolanberry,False,1710469103,Faerie,54
True,3167,99,Sophie Lymle,False,1710468694,Faerie,54
True,3166,6,Sophie Lymle,False,1710468682,Faerie,54
True,3080,33,Rel'ir Nelhah,False,1710468426,Adamantoise,73
True,2963,99,Wawa Bee,False,1710468315,Adamantoise,73
True,2961,99,Kit Katz,False,1710468227,Adamantoise,73
True,2910,25,Ciri Havoc,False,1710467558,Sargatanas,99
True,2935,99,Kitanai Kenkou,False,1710467439,Jenova,40
True,3100,51,Vermilion Leo,False,1710467425,Adamantoise,73
True,2906,99,Ismene Ilios,False,1710467307,Sargatanas,99
True,2935,99,Cookies'n Creme,False,1710466988,Jenova,40
True,2700,99,Cookies'n Creme,False,1710466987,Jenova,40
True,2886,20,Bora Sho,False,1710466899,Gilgamesh,63
True,2886,20,Bora Sho,False,1710466898,Gilgamesh,63
True,2882,93,Bora Sho,False,1710466896,Gilgamesh,63
True,3165,99,Decius Noxum,False,1710466848,Siren,57
True,3288,57,Rayla Talise,False,1710466416,Siren,57
True,2978,33,Illyus Latora,False,1710466405,Cactuar,79
True,3165,99,Rikku Love,False,1710466074,Siren,57
True,3164,87,Elder Knief,False,1710465748,Siren,57
True,3165,99,Elder Knief,False,1710465747,Siren,57
True,2939,25,Yoki Kurama,False,1710465565,Jenova,40
True,2798,9,Sepicia Darkstar,False,1710465087,Midgardsormr,65
True,2798,10,Sepicia Darkstar,False,1710465086,Midgardsormr,65
True,2798,10,Sepicia Darkstar,False,1710465085,Midgardsormr,65
True,2798,10,Sepicia Darkstar,False,1710465084,Midgardsormr,65
True,2798,10,Sepicia Darkstar,False,1710465083,Midgardsormr,65
True,2798,10,Sepicia Darkstar,False,1710465081,Midgardsormr,65
True,2882,99,Emeneth Adelead,False,1710464946,Gilgamesh,63
True,2935,99,Tisiphone Kore,False,1710464876,Jenova,40
True,2935,99,Kseniya Ketrova,False,1710464618,Jenova,40
True,2881,99,Evelyne Selemene,False,1710464581,Gilgamesh,63
True,2897,99,Jess Funder,False,1710464397,Cactuar,79
True,2896,99,Cirru Mystel,False,1710464280,Cactuar,79
True,2978,33,Ravioli Formuoli,False,1710464087,Cactuar,79
True,2935,99,Satsuki Chiba,False,1710463864,Jenova,40
True,2900,16,Cure Three,False,1710463742,Cactuar,79
True,3167,99,Takeshi Akihito,False,1710463609,Faerie,54
True,2896,99,Ariane Sephaine,False,1710463607,Cactuar,79
True,3165,99,Venn Caprion,False,1710463290,Siren,57
True,3167,99,Aisaka Lal,False,1710463192,Faerie,54
True,2907,99,Kiora Fairbrook,False,1710463085,Sargatanas,99
True,3165,99,Eggs Moo,False,1710462967,Siren,57
True,3165,99,Eggs Moo,False,1710462965,Siren,57
True,3165,99,Eggs Moo,False,1710462963,Siren,57
True,3165,99,Voze Lalvuz,False,1710462851,Siren,57
True,2798,99,Daikha Eve,False,1710462842,Midgardsormr,65
True,2822,10,Vergo Stratsa,False,1710462606,Midgardsormr,65
True,2822,10,Vergo Stratsa,False,1710462604,Midgardsormr,65
True,2938,99,Lucia Elfriede,False,1710462504,Jenova,40
True,2938,28,Lucia Elfriede,False,1710462501,Jenova,40
True,2938,99,Lucia Elfriede,False,1710462498,Jenova,40
True,2961,99,Spira Sakimuri,False,1710462471,Adamantoise,73
True,2900,66,Ari Rahesnir,False,1710462161,Sargatanas,99
True,3167,99,Yasriel Nabatea'a,False,1710461967,Faerie,54
True,2798,99,Emiach Raethwind,False,1710461827,Midgardsormr,65
True,3165,99,Elayna Folane,False,1710461356,Siren,57
True,2843,99,Dorit Kemsley,False,1710461342,Gilgamesh,63
True,2650,99,Mikh'a Elakha,False,1710461322,Gilgamesh,63
True,2650,99,Mikh'a Elakha,False,1710461321,Gilgamesh,63
True,2650,99,Mikh'a Elakha,False,1710461320,Gilgamesh,63
True,2650,99,Mikh'a Elakha,False,1710461319,Gilgamesh,63
True,2650,99,Mikh'a Elakha,False,1710461318,Gilgamesh,63
True,2650,99,Mikh'a Elakha,False,1710461317,Gilgamesh,63
True,2650,99,Mikh'a Elakha,False,1710461316,Gilgamesh,63
True,2650,99,Mikh'a Elakha,False,1710461315,Gilgamesh,63
True,2600,99,Mikh'a Elakha,False,1710461314,Gilgamesh,63
True,2600,99,Mikh'a Elakha,False,1710461313,Gilgamesh,63
True,2600,99,Mikh'a Elakha,False,1710461312,Gilgamesh,63
True,2600,99,Mikh'a Elakha,False,1710461310,Gilgamesh,63
True,2843,25,Purple Purps,False,1710460932,Gilgamesh,63
True,2938,99,Puchirin Saegusa,False,1710460081,Jenova,40
True,2938,99,Cliaux Silmontaix,False,1710459871,Jenova,40
True,2821,25,Elentia Kirygosa,False,1710459731,Midgardsormr,65
True,3167,99,Ghostly Echo,False,1710459719,Faerie,54
True,2907,99,Zen Re-tuned,False,1710459352,Sargatanas,99
True,2898,99,Tiritan Moraq,False,1710459249,Cactuar,79
True,2939,25,Lilipi Lipi,False,1710459074,Jenova,40
True,2896,99,Olingarm Wyuheffbemed,False,1710458913,Cactuar,79
True,2650,99,Reiyo Kanozaki,False,1710458681,Gilgamesh,63
True,2400,10,Reiyo Kanozaki,False,1710458624,Midgardsormr,65
True,2400,10,Reiyo Kanozaki,False,1710458623,Midgardsormr,65
True,2400,10,Reiyo Kanozaki,False,1710458621,Midgardsormr,65
True,2900,99,Pyha Staab,False,1710458087,Sargatanas,99
True,3167,99,Alani Hino,False,1710457833,Faerie,54
True,2650,99,Orwen Gaius,False,1710457807,Gilgamesh,63
True,2798,99,Jamie Rheinmetall,False,1710457597,Midgardsormr,65
True,3164,99,Kira Sakura,False,1710457241,Siren,57
True,2897,40,Jehan Poire,False,1710457207,Cactuar,79
True,2650,99,Anzu Oshiga,False,1710456773,Gilgamesh,63
True,2907,99,Miyuki Tsujita,False,1710456282,Sargatanas,99
True,2699,99,Izuno Zenura,False,1710453598,Gilgamesh,63
True,3080,33,Qzia Larell,False,1710453570,Adamantoise,73
True,2699,99,Chou Dofu,False,1710453381,Gilgamesh,63
True,2699,99,Chou Dofu,False,1710453377,Gilgamesh,63
True,2699,99,Chou Dofu,False,1710453376,Gilgamesh,63
True,2699,99,Chou Dofu,False,1710453374,Gilgamesh,63
True,2699,99,Chou Dofu,False,1710453373,Gilgamesh,63
True,2699,99,Chou Dofu,False,1710453372,Gilgamesh,63
True,2699,99,Chou Dofu,False,1710453371,Gilgamesh,63
True,2699,99,Chou Dofu,False,1710453370,Gilgamesh,63
True,2699,99,Chou Dofu,False,1710453368,Gilgamesh,63
True,2699,99,Chou Dofu,False,1710453366,Gilgamesh,63
True,2399,99,Wolfier Indygo,False,1710453167,Midgardsormr,65
True,2897,40,Squirt Cobain,False,1710452800,Cactuar,79
True,2400,10,Charming Tulip,False,1710452761,Midgardsormr,65
True,2700,99,Arainia Kincross,False,1710452725,Gilgamesh,63
True,2700,99,Arainia Kincross,False,1710452720,Gilgamesh,63
True,3167,99,Higuma Amai,False,1710452109,Faerie,54
True,3167,99,Higuma Amai,False,1710452107,Faerie,54
True,2970,24,Qzia Larell,False,1710451519,Adamantoise,73
True,2749,99,Perezident Owensito,False,1710450432,Gilgamesh,63
True,2962,99,Raven Magnifica,False,1710449998,Adamantoise,73
True,2938,99,Arkus Tsurugi,False,1710449768,Jenova,40
True,2740,99,Only Forte,False,1710448663,Gilgamesh,63
True,2400,10,Mana Takeshima,False,1710448609,Midgardsormr,65
True,2908,99,Cole Squeaker,False,1710446575,Sargatanas,99
True,3164,99,Rayne Kagon,False,1710444908,Siren,57
True,3167,99,Miss' You,False,1710443290,Faerie,54
True,3160,99,Anita Scig,False,1710443107,Siren,57
True,2828,33,Copycat Copycat,False,1710441713,Gilgamesh,63
False,666,6,Dramb Lys,False,1710439371,Midgardsormr,65
True,2963,25,Jared Eisner,False,1710438781,Adamantoise,73
False,2000,16,Kanae Moonlight,False,1710436588,Adamantoise,73
False,1500,3,Kanae Moonlight,False,1710436587,Adamantoise,73
True,2938,99,Maki Nishikino,False,1710436449,Jenova,40
True,2800,30,Kae Brin,False,1710435732,Cactuar,79
True,2963,25,Cat Toy,False,1710433564,Adamantoise,73
True,2910,99,Momo Sama,False,1710433116,Sargatanas,99
True,2910,99,Momo Sama,False,1710433114,Sargatanas,99
True,2821,25,Luini Castus,False,1710429485,Midgardsormr,65
True,2821,25,Luini Castus,False,1710429479,Midgardsormr,65
True,2799,99,Luini Castus,False,1710429472,Midgardsormr,65
True,3166,99,Arturo Brikoa,False,1710429276,Faerie,54
True,2938,99,Lady Asuna,False,1710427777,Jenova,40
True,2938,99,Lady Asuna,False,1710427775,Jenova,40
True,2938,99,Yhumi Miyei,False,1710426908,Jenova,40
True,3165,99,Ada Yunazx,False,1710424684,Siren,57
True,2963,99,Jay D',False,1710423911,Adamantoise,73
True,2800,33,Dragonof Longisland,False,1710423186,Siren,57
True,2800,33,Dragonof Longisland,False,1710423185,Siren,57
True,2800,33,Dragonof Longisland,False,1710423184,Siren,57
True,2799,99,Dragonof Longisland,False,1710423182,Siren,57
True,2910,99,Daniu Zi,False,1710421730,Sargatanas,99
True,2800,99,Azn Pwnage,False,1710421546,Midgardsormr,65
True,2799,99,Azn Pwnage,False,1710421542,Midgardsormr,65
True,2962,99,Verethranga Shiro,False,1710419758,Adamantoise,73
True,2999,99,Akane Kurogami,False,1710417790,Siren,57
True,2999,99,Akane Kurogami,False,1710417788,Siren,57
True,2842,99,Seibyo Brolijah,False,1710417328,Gilgamesh,63
True,2963,25,Leandros Adastros,False,1710414690,Adamantoise,73
True,2963,25,Leandros Adastros,False,1710414674,Adamantoise,73
True,2821,99,Raf Barker,False,1710414041,Midgardsormr,65
True,2910,99,Claire Es,False,1710409304,Sargatanas,99
True,2963,25,Fika Schentze,False,1710407414,Adamantoise,73
True,2844,99,Ashera Nightingale,False,1710403411,Gilgamesh,63
True,2844,99,Ashera Nightingale,False,1710403409,Gilgamesh,63
True,2978,33,Nayuta Eternal,False,1710401490,Cactuar,79
True,2846,25,Liliane Utsumi,False,1710398547,Gilgamesh,63
True,2846,25,Liliane Utsumi,False,1710398545,Gilgamesh,63
True,2820,99,Bacayo Salfate,False,1710396795,Midgardsormr,65
True,2912,99,Phantasm Rexy,False,1710396195,Sargatanas,99
True,2978,12,Tol Underfoot,False,1710394888,Cactuar,79
False,2000,21,Coeli Yascaret,False,1710394879,Cactuar,79
True,3314,10,Tol Underfoot,False,1710394836,Cactuar,79
True,2914,30,Shay Laren,False,1710394593,Sargatanas,99
True,3166,99,Coco Mora,False,1710394508,Siren,57
True,3166,99,Coco Mora,False,1710394507,Siren,57
True,3166,99,Coco Mora,False,1710394506,Siren,57
True,2978,99,Menel Hollowmoon,False,1710393883,Cactuar,79
True,2978,99,Neo Vydrael,False,1710393841,Cactuar,79
True,2849,98,Sterling Sylva,False,1710393601,Gilgamesh,63
True,2979,99,Aster Norcross,False,1710393021,Cactuar,79
True,2979,99,Sun Ren,False,1710392494,Cactuar,79
True,3166,99,Sour Candy,False,1710391810,Siren,57
True,2987,33,Meteion'was Right,False,1710391393,Cactuar,79
True,3209,20,Mellia Moonlily,False,1710391391,Siren,57
True,2979,99,Eurodite Ludwig,False,1710391351,Cactuar,79
True,2858,99,Okie Dokie,False,1710390679,Gilgamesh,63
True,2979,99,Flayn Mignon,False,1710390343,Cactuar,79
True,5999,5,Hey You,False,1710390048,Faerie,54
True,5999,5,Hey You,False,1710390047,Faerie,54
True,3166,99,Sif Mora,False,1710389980,Siren,57
True,3155,31,Sif Mora,False,1710389978,Siren,57
True,2858,99,Ukiyo Hitoritabi,False,1710389859,Gilgamesh,63
True,2858,99,Ukiyo Hitoritabi,False,1710389855,Gilgamesh,63
True,2821,25,Camellia Yagami,False,1710389663,Midgardsormr,65
True,2821,25,Camellia Yagami,False,1710389662,Midgardsormr,65
True,2821,25,Camellia Yagami,False,1710389661,Midgardsormr,65
True,2821,25,Camellia Yagami,False,1710389660,Midgardsormr,65
True,2821,25,Camellia Yagami,False,1710389659,Midgardsormr,65
True,2821,99,Camellia Yagami,False,1710389656,Midgardsormr,65
True,2821,99,Camellia Yagami,False,1710389655,Midgardsormr,65
True,2821,99,Camellia Yagami,False,1710389654,Midgardsormr,65
True,2821,99,Camellia Yagami,False,1710389653,Midgardsormr,65
True,2821,99,Camellia Yagami,False,1710389652,Midgardsormr,65
True,2964,99,Mega Jutsu,False,1710389598,Adamantoise,73
True,2964,99,Mega Jutsu,False,1710389596,Adamantoise,73
True,2964,99,Mega Jutsu,False,1710389594,Adamantoise,73
True,2859,99,Zeldo Axis,False,1710389224,Gilgamesh,63
True,3167,99,Nelum Nucifera,False,1710389043,Faerie,54
True,3167,99,Yun Avengard,False,1710388947,Faerie,54
True,3167,99,Yun Avengard,False,1710388945,Faerie,54
True,3167,99,Yun Avengard,False,1710388944,Faerie,54
True,2867,25,Kimchi Dumpling,False,1710388812,Gilgamesh,63
True,2964,99,Mika Valentine,False,1710388463,Adamantoise,73
True,2964,99,Ajani Goldmane,False,1710388351,Adamantoise,73
True,2987,99,Pop Poponori,False,1710387493,Cactuar,79
True,2928,25,Kinsha D'acier,False,1710387449,Sargatanas,99
True,3155,99,Lexy Asteria,False,1710387386,Siren,57
True,2987,33,Velivan Nebesch,False,1710386862,Cactuar,79
True,2977,33,Alicia Sachiko,False,1710386304,Cactuar,79
True,2977,50,Orenjii Kur,False,1710386233,Cactuar,79
True,2868,33,Adilus Beirne,False,1710386189,Gilgamesh,63
True,2977,33,Aluin Manethra,False,1710386174,Cactuar,79
True,3167,99,Missing Radish,False,1710385923,Faerie,54
True,2868,99,Feliz Jueves,False,1710385858,Gilgamesh,63
True,2947,99,Risette Khilo,False,1710385768,Jenova,40
True,3200,45,Evelyn Beake,False,1710385671,Midgardsormr,65
True,2868,33,Aruna Evie,False,1710385126,Gilgamesh,63
True,2976,30,Tsukihi Akiyama,False,1710384992,Cactuar,79
True,2976,30,Tsukihi Akiyama,False,1710384990,Cactuar,79
True,2976,30,Tsukihi Akiyama,False,1710384988,Cactuar,79
True,2947,99,Maki Misaki,False,1710384934,Jenova,40
True,2976,30,Sapphire Devereaux,False,1710384834,Cactuar,79
True,2976,30,Sapphire Devereaux,False,1710384833,Cactuar,79
True,2976,30,Sapphire Devereaux,False,1710384831,Cactuar,79
True,2975,20,Sapphire Devereaux,False,1710384830,Cactuar,79
True,2975,20,Sapphire Devereaux,False,1710384829,Cactuar,79
True,2822,10,Yuzu Yuzuki,False,1710384683,Midgardsormr,65
True,2822,10,Yuzu Yuzuki,False,1710384673,Midgardsormr,65
True,2821,25,Yuzu Yuzuki,False,1710384670,Midgardsormr,65
True,2868,33,Rem Sleep,False,1710384394,Gilgamesh,63
True,2868,33,Rem Sleep,False,1710384393,Gilgamesh,63
True,2868,99,Rem Sleep,False,1710384392,Gilgamesh,63
True,2868,99,Rem Sleep,False,1710384390,Gilgamesh,63
True,2868,99,Rem Sleep,False,1710384389,Gilgamesh,63
True,3167,99,Tsuna Roswaal,False,1710384196,Faerie,54
True,2963,50,Lilith Miyazaki,False,1710383266,Adamantoise,73
True,2869,99,Seshi Drauga,False,1710383031,Gilgamesh,63
True,2821,25,Liffi Zi,False,1710382994,Midgardsormr,65
True,2821,25,Liffi Zi,False,1710382990,Midgardsormr,65
True,2400,10,Liffi Zi,False,1710382984,Midgardsormr,65
True,2400,10,Liffi Zi,False,1710382982,Midgardsormr,65
True,2821,25,Free Healthcare,False,1710382685,Midgardsormr,65
True,2821,25,Free Healthcare,False,1710382682,Midgardsormr,65
True,2878,25,Alice Chan,False,1710382656,Gilgamesh,63
True,2878,25,Alice Chan,False,1710382655,Gilgamesh,63
True,2878,99,Aletheia Mist,False,1710382495,Gilgamesh,63
True,2987,99,Quality Player,False,1710382385,Cactuar,79
True,2987,99,Quality Player,False,1710382378,Cactuar,79
True,2973,99,Quality Player,False,1710382372,Cactuar,79
True,2980,15,Lily Inverse,False,1710382244,Jenova,40
True,2949,99,Lily Inverse,False,1710382227,Jenova,40
True,2948,25,Lily Inverse,False,1710382212,Jenova,40
True,2948,25,Lily Inverse,False,1710382210,Jenova,40
True,2948,25,Lily Inverse,False,1710382208,Jenova,40
True,2948,25,Lily Inverse,False,1710382206,Jenova,40
True,2948,25,Lily Inverse,False,1710382204,Jenova,40
True,2948,99,Lily Inverse,False,1710382200,Jenova,40
True,2948,99,Lily Inverse,False,1710382199,Jenova,40
True,2948,99,Lily Inverse,False,1710382197,Jenova,40
True,2948,99,Lily Inverse,False,1710382196,Jenova,40
True,2948,99,Lily Inverse,False,1710382195,Jenova,40
True,2974,33,Small Potato,False,1710382190,Cactuar,79
True,2975,20,Small Potato,False,1710382185,Cactuar,79
True,2900,33,Huo Ren,False,1710381892,Siren,57
True,2900,33,Huo Ren,False,1710381874,Siren,57
True,2975,20,Valencia Valentine,False,1710381819,Cactuar,79
True,2964,25,Marionette Philautia,False,1710381437,Adamantoise,73
True,2821,99,Emilie Heart,False,1710381350,Midgardsormr,65
True,2821,99,Emilie Heart,False,1710381347,Midgardsormr,65
True,3167,99,Opal Oberon,False,1710381002,Faerie,54
True,2878,25,Keihi Morhas,False,1710380892,Gilgamesh,63
True,2900,33,Billy Ondablock,False,1710380874,Siren,57
True,3974,66,Etienne Etiegeant,False,1710380873,Faerie,54
True,2968,99,Mahal Jaani,False,1710380858,Jenova,40
True,2976,30,Ran Ame,False,1710380353,Cactuar,79
True,2975,20,Ran Ame,False,1710380350,Cactuar,79
True,2878,25,Boodini Fleuret,False,1710380215,Gilgamesh,63
True,2964,99,Cap Stone,False,1710379953,Adamantoise,73
True,3167,99,Airi Rei,False,1710379910,Faerie,54
True,3167,99,Airi Rei,False,1710379908,Faerie,54
True,2953,25,Rune Wright,False,1710379894,Jenova,40
True,2930,25,Proximity Alert,False,1710379668,Sargatanas,99
True,2930,25,Proximity Alert,False,1710379666,Sargatanas,99
True,2930,25,Proximity Alert,False,1710379664,Sargatanas,99
True,2964,25,Antheia Floros,False,1710379566,Adamantoise,73
True,2964,25,Antheia Floros,False,1710379565,Adamantoise,73
True,2964,99,Antheia Floros,False,1710379563,Adamantoise,73
True,2883,33,Azena Sashihai,False,1710378796,Gilgamesh,63
True,2954,99,Fay Ferra,False,1710378761,Jenova,40
True,2880,25,Tyrio Ezelia,False,1710378760,Gilgamesh,63
True,2880,25,Azena Sashihai,False,1710378753,Gilgamesh,63
True,2966,25,Albin Balfour,False,1710378719,Jenova,40
True,2964,50,Purylai Mizunashi,False,1710378672,Adamantoise,73
True,2966,25,Kosher Dubstep,False,1710378572,Jenova,40
True,3166,99,Ghostly Echo,False,1710378514,Faerie,54
True,2954,99,Bellexis Ter'vash,False,1710378336,Jenova,40
True,2976,30,Royal Paws,False,1710378166,Cactuar,79
True,2976,30,Royal Paws,False,1710378164,Cactuar,79
True,3166,99,Jokerman One,False,1710377903,Faerie,54
True,2979,99,Quality Player,False,1710377852,Cactuar,79
True,2979,99,Quality Player,False,1710377849,Cactuar,79
True,2977,99,Quality Player,False,1710377847,Cactuar,79
True,3166,99,Ziwi Ephemerals,False,1710377669,Siren,57
True,3166,99,Ziwi Ephemerals,False,1710377667,Siren,57
True,3166,99,Ziwi Ephemerals,False,1710377666,Siren,57
True,2932,99,Aya Jaeger,False,1710377542,Sargatanas,99
True,2955,99,Forsynthia Deia,False,1710377418,Jenova,40
True,2955,99,Forsynthia Deia,False,1710377416,Jenova,40
True,2964,50,Zurea Vermillion,False,1710377139,Adamantoise,73
True,2822,99,Aki Araragi,False,1710376916,Midgardsormr,65
True,3167,19,Nhagi'a Qahdori,False,1710376456,Siren,57
True,5999,5,Baru Greenfoot,False,1710376373,Faerie,54
True,5999,5,Baru Greenfoot,False,1710376371,Faerie,54
True,2932,99,Kyusei Kahkol,False,1710376014,Sargatanas,99
True,2941,25,Burning Solar,False,1710375920,Sargatanas,99
True,3166,99,Thalara Coyolxauhqui,False,1710375691,Siren,57
True,2964,99,Ahri Kitsune,False,1710375687,Adamantoise,73
True,2964,99,Baffle Bum,False,1710375204,Adamantoise,73
True,2964,99,Kyrilian Lothaire,False,1710375138,Adamantoise,73
True,5999,5,Baru Greenfoot,False,1710375016,Faerie,54
True,5999,5,Baru Greenfoot,False,1710375014,Faerie,54
True,3186,50,Mireska Snol,False,1710374897,Adamantoise,73
True,3167,20,Rathvina Edotomi,False,1710374741,Siren,57
True,3167,20,Rathvina Edotomi,False,1710374736,Siren,57
True,2974,50,Torim Vessok,False,1710374688,Cactuar,79
True,2974,50,Torim Vessok,False,1710374685,Cactuar,79
True,2883,99,Morn Ualin,False,1710374684,Gilgamesh,63
True,2934,99,Soul Valentine,False,1710374483,Sargatanas,99
True,2934,99,Soul Valentine,False,1710374480,Sargatanas,99
True,3167,20,Chetana Silverfang,False,1710374219,Siren,57
True,2965,25,Tenpe Tia,False,1710374138,Jenova,40
True,2959,99,Araquela Chan,False,1710374137,Jenova,40
True,2883,99,Light Dasani,False,1710373311,Gilgamesh,63
True,5999,5,Dawn Lion'storm,False,1710373182,Faerie,54
True,5999,5,Dawn Lion'storm,False,1710373179,Faerie,54
True,5999,5,Dawn Lion'storm,False,1710373178,Faerie,54
True,2974,90,Aymon Levi,False,1710373163,Cactuar,79
True,3165,99,Bud Dee,False,1710372743,Faerie,54
True,2941,25,Tritanius Neptunis,False,1710372637,Sargatanas,99
True,2883,99,Ayvrielle Du'faigh,False,1710372088,Gilgamesh,63
True,3166,99,Daisy Boots,False,1710371913,Faerie,54
True,2883,99,Anastacia Lohenar,False,1710371893,Gilgamesh,63
True,3080,33,Bharibroes Awyrfarsyn,False,1710371386,Adamantoise,73
True,2400,10,Lind Lecuyer,False,1710371241,Midgardsormr,65
True,2400,10,Lind Lecuyer,False,1710371240,Midgardsormr,65
True,2400,10,Lind Lecuyer,False,1710371238,Midgardsormr,65
True,2969,99,Rei Okumura,False,1710371212,Cactuar,79
True,2959,99,Night Raid-,False,1710371155,Jenova,40
True,2959,99,Night Raid-,False,1710371154,Jenova,40
True,3166,99,Haru Sakura,False,1710371137,Faerie,54
True,3166,99,Zeb Raffe,False,1710370835,Faerie,54
True,3080,33,Caalun Haragin,False,1710370784,Adamantoise,73
True,3080,33,Caalun Haragin,False,1710370783,Adamantoise,73
True,3314,10,Lucky Numbers,False,1710370321,Cactuar,79
True,2400,10,Marrick Bahamut,False,1710369894,Midgardsormr,65
True,2400,10,Marrick Bahamut,False,1710369893,Midgardsormr,65
True,2970,50,Aria Aetheria,False,1710369279,Cactuar,79
True,2884,99,Seoa Beltardois,False,1710369060,Gilgamesh,63
True,2964,25,Noir Licht,False,1710368800,Adamantoise,73
True,2964,25,Noir Licht,False,1710368798,Adamantoise,73
True,2964,99,Noir Licht,False,1710368793,Adamantoise,73
True,3166,99,Silva Magixus,False,1710368364,Faerie,54
True,2935,99,Aria Aoki,False,1710368347,Sargatanas,99
True,2935,99,Aria Aoki,False,1710368345,Sargatanas,99
True,2963,50,Beltizar Wizarin,False,1710367377,Adamantoise,73
True,2823,99,Cattee Litterbox,False,1710365419,Midgardsormr,65
True,5999,5,Totoro Toro,False,1710365312,Faerie,54
True,2964,25,Soulle Crescent,False,1710364450,Adamantoise,73
True,2964,25,Orellia Narscht,False,1710364270,Adamantoise,73
True,2964,25,Orellia Narscht,False,1710364269,Adamantoise,73
True,3199,33,Usyren Usaiar,False,1710362084,Siren,57
True,3199,33,Usyren Usaiar,False,1710362082,Siren,57
True,2884,33,Senna Auralae,False,1710360055,Gilgamesh,63
True,2824,99,Death Snail,False,1710357813,Midgardsormr,65
True,2824,99,Death Snail,False,1710357811,Midgardsormr,65
True,2700,72,Death Snail,False,1710357810,Midgardsormr,65
True,2698,99,Death Snail,False,1710357808,Midgardsormr,65
True,2697,99,Death Snail,False,1710357807,Midgardsormr,65
True,2697,99,Death Snail,False,1710357805,Midgardsormr,65
True,3290,20,Vex De'rossi,False,1710357497,Siren,57
True,3167,99,Gwyneviere Argentluna,False,1710355189,Faerie,54
True,2965,99,Mirandaa Sweetheart,False,1710354522,Jenova,40
True,3167,99,Soup Boy,False,1710353002,Faerie,54
True,3199,99,Valfia Moonstone,False,1710348365,Siren,57
True,2885,99,Kelo Kelo,False,1710347082,Gilgamesh,63
True,2885,99,Arsyx Xt,False,1710346535,Gilgamesh,63
True,3200,33,Kana Mori,False,1710346244,Siren,57
True,2965,99,Lil Bee,False,1710346015,Jenova,40
True,2975,99,El Mo,False,1710341696,Cactuar,79
True,2825,25,Valhakir Atallanos,False,1710337216,Midgardsormr,65
True,3168,99,Celeste Frosheche,False,1710335717,Faerie,54
True,2940,99,Tsuyuri Ueda,False,1710335451,Sargatanas,99
True,2700,99,Khloe Mei,False,1710332771,Midgardsormr,65
True,2700,99,Khloe Mei,False,1710332770,Midgardsormr,65
True,2964,99,Khulan Sagahl,False,1710326047,Adamantoise,73
True,2966,25,Lil Bee,False,1710323889,Jenova,40
True,2966,25,Lil Bee,False,1710323887,Jenova,40
True,2885,99,Arkaidan Arkenmist,False,1710320851,Gilgamesh,63
True,5999,5,Gurrarn Zirnfarr,False,1710316830,Faerie,54
True,5999,5,Gurrarn Zirnfarr,False,1710316827,Faerie,54
True,5999,5,Gurrarn Zirnfarr,False,1710316826,Faerie,54
True,3169,33,Gurrarn Zirnfarr,False,1710316818,Faerie,54
True,2945,25,Blunted Blunt,False,1710315517,Sargatanas,99
True,3100,99,Mikh'a Elakha,False,1710315412,Gilgamesh,63
True,2998,99,Mikh'a Elakha,False,1710315411,Gilgamesh,63
True,2900,99,Mikh'a Elakha,False,1710315410,Gilgamesh,63
True,2900,99,Mikh'a Elakha,False,1710315409,Gilgamesh,63
True,2850,99,Mikh'a Elakha,False,1710315408,Gilgamesh,63
True,2400,10,Youjin Hwarang,False,1710314401,Midgardsormr,65
True,2826,25,Rin Seiza,False,1710314357,Midgardsormr,65
True,2826,25,Rin Seiza,False,1710314354,Midgardsormr,65
True,2826,25,Rin Seiza,False,1710314347,Midgardsormr,65
True,2400,10,Rin Seiza,False,1710314300,Midgardsormr,65
True,2400,10,Rin Seiza,False,1710314298,Midgardsormr,65
True,2847,25,Ariadne Dionysus,False,1710314208,Gilgamesh,63
True,2847,25,Ariadne Dionysus,False,1710314189,Gilgamesh,63
True,2847,25,Ariadne Dionysus,False,1710314183,Gilgamesh,63
True,2846,33,Ariadne Dionysus,False,1710314172,Gilgamesh,63
True,2846,33,Ariadne Dionysus,False,1710314170,Gilgamesh,63
True,2847,99,Camellia Yagami,False,1710314144,Gilgamesh,63
True,2847,99,Camellia Yagami,False,1710314143,Gilgamesh,63
True,2847,99,Camellia Yagami,False,1710314142,Gilgamesh,63
True,2847,99,Camellia Yagami,False,1710314141,Gilgamesh,63
True,2847,99,Camellia Yagami,False,1710314140,Gilgamesh,63
True,2846,99,Camellia Yagami,False,1710314138,Gilgamesh,63
True,2846,99,Camellia Yagami,False,1710314137,Gilgamesh,63
True,2846,99,Camellia Yagami,False,1710314136,Gilgamesh,63
True,2399,99,Camellia Yagami,False,1710314023,Midgardsormr,65
True,2942,99,Mikan Mioda,False,1710313765,Sargatanas,99
True,2400,10,Melon Creme,False,1710313726,Midgardsormr,65
True,2945,25,Lina Rosse,False,1710312905,Sargatanas,99
True,2945,25,Lina Rosse,False,1710312901,Sargatanas,99
True,3170,10,Kabob Bob,False,1710312335,Faerie,54
True,2969,25,Yugi Momo,False,1710311138,Jenova,40
True,2969,25,Yugi Momo,False,1710311136,Jenova,40
True,2968,99,Koey Viovley,False,1710310851,Jenova,40
True,2826,25,Free Healthcare,False,1710310571,Midgardsormr,65
True,2968,99,Elphelt Valentine,False,1710310192,Jenova,40
True,2826,99,Bellia Fruees,False,1710308338,Midgardsormr,65
True,2987,99,Ai Oto,False,1710307082,Cactuar,79
True,2987,99,Ai Oto,False,1710307074,Cactuar,79
True,2964,99,Jay D',False,1710306454,Adamantoise,73
True,2963,30,Fika Schentze,False,1710306326,Adamantoise,73
True,3286,99,Sakuya Izanami,False,1710305984,Siren,57
True,2848,99,Zio Sieghart,False,1710305291,Gilgamesh,63
True,3289,99,Amilyn Sunshadow,False,1710304045,Siren,57
True,3289,99,Amilyn Sunshadow,False,1710304044,Siren,57
True,2970,99,Mizuchi Umi,False,1710303741,Jenova,40
True,3170,99,Siksta Sonear,False,1710302620,Faerie,54
True,3172,1,Siksta Sonear,False,1710302611,Faerie,54
True,2987,30,Swampy House-nuvelle,False,1710301606,Cactuar,79
True,3287,33,Arthur Mungus,False,1710301379,Siren,57
True,3287,33,Arthur Mungus,False,1710301377,Siren,57
True,2965,99,Xemhe Fasnurhu,False,1710301153,Adamantoise,73
True,2850,33,Apollia Azalea,False,1710301132,Gilgamesh,63
True,3286,99,Val'qyana Zerone-iii,False,1710300882,Siren,57
True,2965,25,Navani Storm,False,1710300820,Adamantoise,73
True,2965,25,Navani Storm,False,1710300817,Adamantoise,73
True,2850,99,Lyra Rose,False,1710300244,Gilgamesh,63
True,2850,99,Khuma'zi Shecko,False,1710300222,Gilgamesh,63
True,2826,99,Tree Cat,False,1710300062,Midgardsormr,65
True,2987,33,M'rhavi Tidras,False,1710299866,Cactuar,79
True,2825,33,Jihyo Park,False,1710299854,Midgardsormr,65
True,2987,33,Himichan Ong,False,1710299133,Cactuar,79
True,2987,33,Himichan Ong,False,1710299130,Cactuar,79
True,3287,33,Severa Lyndelle,False,1710299100,Siren,57
True,2973,25,Skye Sootineer,False,1710298470,Jenova,40
True,2973,99,Spirit Fox,False,1710298168,Jenova,40
True,4000,20,Rai'a Mikhele,False,1710297978,Faerie,54
True,3288,99,Sigrid Saerlock,False,1710297731,Siren,57
True,2826,25,N'ahuel Latari,False,1710297564,Midgardsormr,65
True,2967,25,Digitalhardcore Nine,False,1710297258,Adamantoise,73
True,2967,25,Digitalhardcore Nine,False,1710297256,Adamantoise,73
True,2987,33,Aluin Manethra,False,1710297252,Cactuar,79
True,2967,99,Siv Yoshi,False,1710296627,Adamantoise,73
True,2948,50,Treu Baloo,False,1710296418,Sargatanas,99
True,2986,99,Verethranga Shiro,False,1710296215,Cactuar,79
True,2948,50,Sigma Phantom,False,1710296062,Sargatanas,99
True,2882,33,Emeneth Adelead,False,1710296032,Gilgamesh,63
True,2969,25,Tika Deluna,False,1710295916,Adamantoise,73
True,2984,99,Julie Hrafnes,False,1710295866,Cactuar,79
True,2969,25,Elayne Kay,False,1710295621,Adamantoise,73
True,2987,33,Kiehl Arunafeltz,False,1710295508,Cactuar,79
True,2984,33,Kiehl Arunafeltz,False,1710295505,Cactuar,79
True,3000,15,Sherrie Kimishima,False,1710295502,Jenova,40
True,3171,99,Draini Namo,False,1710295053,Faerie,54
True,2968,50,Deliru Violente,False,1710294716,Adamantoise,73
True,2953,25,Haru Kamiya,False,1710294657,Sargatanas,99
True,2984,33,Cirina Malaguld,False,1710294644,Cactuar,79
True,2826,33,Aurelia Vayssiere,False,1710294537,Midgardsormr,65
True,2984,99,Rango Fett,False,1710294272,Cactuar,79
True,3288,99,Seki Yuri,False,1710294039,Siren,57
True,2966,96,Kyli Tamwood,False,1710293708,Adamantoise,73
True,2979,99,Bei Bei,False,1710293599,Jenova,40
True,2987,33,Gyr Bal'thr,False,1710293439,Cactuar,79
True,2987,33,Gyr Bal'thr,False,1710293432,Cactuar,79
True,2953,25,Aliene Stoud,False,1710293352,Sargatanas,99
True,2953,25,Aliene Stoud,False,1710293351,Sargatanas,99
True,3170,99,Ghostly Echo,False,1710293288,Faerie,54
True,2966,99,Anne Sibyl,False,1710293246,Adamantoise,73
True,2987,33,Solidor Snake,False,1710293231,Cactuar,79
True,2700,99,Liviana Erdene,False,1710293225,Midgardsormr,65
True,2828,33,Moist Cornbread,False,1710292799,Midgardsormr,65
True,2966,99,Thaea Veltaari,False,1710292749,Adamantoise,73
True,3288,99,Usyren Usaiar,False,1710292563,Siren,57
True,3288,99,Usyren Usaiar,False,1710292562,Siren,57
True,3288,99,Usyren Usaiar,False,1710292560,Siren,57
True,2950,99,Darien Henriel,False,1710292357,Sargatanas,99
True,3170,99,Grandwell Caxias,False,1710292022,Faerie,54
True,2979,99,James Estelle,False,1710291813,Jenova,40
True,2967,99,Yuu Chan,False,1710291704,Adamantoise,73
True,2800,33,Tyo Swan,False,1710291676,Gilgamesh,63
True,2800,36,Tyo Swan,False,1710291673,Gilgamesh,63
True,2700,99,Zakuro Akiudo,False,1710291550,Midgardsormr,65
True,2700,99,Zakuro Akiudo,False,1710291547,Midgardsormr,65
True,2400,10,Zakuro Akiudo,False,1710291545,Midgardsormr,65
True,2400,10,Zakuro Akiudo,False,1710291544,Midgardsormr,65
True,2790,99,Super Potato,False,1710291266,Gilgamesh,63
True,2968,50,Willdy Gwynbleidd,False,1710291255,Adamantoise,73
True,2987,33,Cup Kate,False,1710290273,Cactuar,79
True,3289,99,Quasar Nol,False,1710289986,Siren,57
True,2983,25,Emmanuel Goodfellow,False,1710289797,Jenova,40
True,2987,33,Watashia Kamidesu,False,1710289603,Cactuar,79
True,2987,30,Watashia Kamidesu,False,1710289601,Cactuar,79
True,2987,30,Watashia Kamidesu,False,1710289600,Cactuar,79
True,2987,30,Watashia Kamidesu,False,1710289598,Cactuar,79
True,2986,99,Watashia Kamidesu,False,1710289595,Cactuar,79
True,2969,99,Mac Chicken,False,1710289120,Adamantoise,73
True,2700,99,Xi Ashtra,False,1710288845,Midgardsormr,65
True,2700,99,Xi Ashtra,False,1710288844,Midgardsormr,65
True,2700,99,Xi Ashtra,False,1710288835,Midgardsormr,65
True,2699,99,Xi Ashtra,False,1710288833,Midgardsormr,65
True,2955,50,Favy Free,False,1710288603,Sargatanas,99
True,2987,33,Arya Nagrande,False,1710288504,Cactuar,79
True,3314,10,Lucky Numbers,False,1710288460,Cactuar,79
True,2984,99,Maisie Yasu,False,1710288328,Jenova,40
True,2984,99,Maisie Yasu,False,1710288326,Jenova,40
True,3171,99,Richard Muncher,False,1710288269,Faerie,54
True,3289,99,Wollemi Park,False,1710287985,Siren,57
True,2969,25,Quinn Astraea,False,1710287977,Adamantoise,73
True,2969,99,Pep Peppers,False,1710287948,Adamantoise,73
True,3289,99,Saena Llana,False,1710287938,Siren,57
True,3288,99,Swiftstory Sunspeaker,False,1710287828,Siren,57
True,2987,33,Shirahan Arisha,False,1710287742,Cactuar,79
True,2987,33,Shirahan Arisha,False,1710287740,Cactuar,79
True,2987,33,Shirahan Arisha,False,1710287739,Cactuar,79
True,2969,25,Noir Licht,False,1710287731,Adamantoise,73
True,3171,99,Theodric Bearington,False,1710287668,Faerie,54
True,2699,99,Chino Kafuu,False,1710287019,Midgardsormr,65
True,2964,25,Tritanius Neptunis,False,1710286319,Sargatanas,99
True,2986,99,Sunny Annum,False,1710286245,Cactuar,79
True,2991,25,Akari Tyatu,False,1710286110,Jenova,40
True,2957,99,Edda Hunt,False,1710285948,Sargatanas,99
True,3169,99,A'in Moon,False,1710285427,Faerie,54
True,3169,99,A'in Moon,False,1710285424,Faerie,54
True,3168,10,A'in Moon,False,1710285422,Faerie,54
True,2970,50,Tugglicious Op,False,1710285156,Adamantoise,73
True,2984,25,Nealie Urd,False,1710285116,Cactuar,79
True,2984,25,Nealie Urd,False,1710285113,Cactuar,79
True,2985,99,Rinilda Blackthorne,False,1710285038,Cactuar,79
True,2984,25,Kai Chai,False,1710284844,Cactuar,79
True,2984,25,Kai Chai,False,1710284842,Cactuar,79
True,3168,99,Sathanius Heller,False,1710284624,Faerie,54
True,3168,99,Sathanius Heller,False,1710284617,Faerie,54
True,3168,99,Sathanius Heller,False,1710284614,Faerie,54
True,3168,99,Sathanius Heller,False,1710284613,Faerie,54
True,3167,99,Sathanius Heller,False,1710284611,Faerie,54
True,2400,10,Segejin Hikashi,False,1710284469,Midgardsormr,65
True,2200,11,Segejin Hikashi,False,1710284460,Midgardsormr,65
True,2958,99,Aeir Tal'vir,False,1710282419,Sargatanas,99
True,2888,20,L'rence Gilerano,False,1710281565,Gilgamesh,63
True,3314,10,Lucky Numbers,False,1710280861,Cactuar,79
True,2984,25,Jehan Poire,False,1710280654,Cactuar,79
True,2700,99,Cool-mint Crayola,False,1710278047,Midgardsormr,65
True,2987,33,Diana Mistmoore,False,1710277506,Cactuar,79
True,2992,99,Delighted Whale,False,1710276672,Jenova,40
True,2989,33,Delighted Whale,False,1710276669,Jenova,40
True,2988,25,Delighted Whale,False,1710276666,Jenova,40
True,2988,25,Delighted Whale,False,1710276664,Jenova,40
True,2988,25,Delighted Whale,False,1710276662,Jenova,40
True,2988,25,Delighted Whale,False,1710276660,Jenova,40
True,2988,99,Delighted Whale,False,1710276658,Jenova,40
True,2700,99,Ust Pls,False,1710276439,Midgardsormr,65
True,2700,99,Ust Pls,False,1710276438,Midgardsormr,65
True,2700,99,Ust Pls,False,1710276436,Midgardsormr,65
True,2700,99,Ust Pls,False,1710276434,Midgardsormr,65
True,2400,10,Ust Pls,False,1710276432,Midgardsormr,65
True,2963,99,Ren Ryder,False,1710274342,Sargatanas,99
True,3169,99,Wave Blaze,False,1710274009,Faerie,54
True,2700,63,Xerithyr Greyparse,False,1710270655,Midgardsormr,65
True,2990,99,Syrrel Jance,False,1710268890,Adamantoise,73
True,2990,99,Syrrel Jance,False,1710268886,Adamantoise,73
True,3000,1,Syrrel Jance,False,1710268869,Adamantoise,73
True,2963,99,Raine War,False,1710268527,Sargatanas,99
True,2962,99,Raine War,False,1710268523,Sargatanas,99
True,2972,99,Clare Booie,False,1710265728,Adamantoise,73
True,2971,30,Clare Booie,False,1710265725,Adamantoise,73
True,3337,99,Hollows Yve,False,1710264190,Siren,57
True,3336,99,Hollows Yve,False,1710264189,Siren,57
True,2988,99,Skittley Dodo,False,1710263961,Jenova,40
True,2988,99,Skittley Dodo,False,1710263958,Jenova,40
True,2988,99,Skittley Dodo,False,1710263957,Jenova,40
True,2994,20,Cirina Tsol,False,1710263882,Cactuar,79
True,3363,33,Archelois Reverie,False,1710257032,Siren,57
True,2960,99,Tei'ra Sagasch,False,1710256827,Sargatanas,99
True,2889,99,Rosa Alexandria,False,1710256264,Gilgamesh,63
True,2988,99,Forest Beoulve,False,1710255679,Jenova,40
True,3000,15,Fayt Lionsfeld,False,1710252730,Cactuar,79
True,2995,33,Il Keiko,False,1710251551,Cactuar,79
True,2890,99,Chiyo Shiomi,False,1710246637,Gilgamesh,63
True,2890,99,Chiyo Shiomi,False,1710246635,Gilgamesh,63
True,2995,33,Diamond Princess,False,1710244379,Cactuar,79
True,2995,33,Diamond Princess,False,1710244377,Cactuar,79
True,2995,33,Diamond Princess,False,1710244373,Cactuar,79
True,2964,25,Ryzuo Lesorenia,False,1710244332,Sargatanas,99
True,2964,25,Ryzuo Lesorenia,False,1710244329,Sargatanas,99
True,2993,99,Silent Mimo,False,1710243227,Cactuar,79
True,2964,99,Claire Es,False,1710238688,Sargatanas,99
True,2964,99,Woomy Woom,False,1710236970,Sargatanas,99
True,2973,99,Mirophi Delaroux,False,1710236674,Adamantoise,73
True,2973,99,Mirophi Delaroux,False,1710236672,Adamantoise,73
True,2973,99,Mirophi Delaroux,False,1710236670,Adamantoise,73
True,2890,99,O'naeas Du'faigh,False,1710236106,Gilgamesh,63
True,2988,25,Aru Chi,False,1710234907,Jenova,40
True,4991,9,Time Loop,False,1710232887,Midgardsormr,65
True,3350,51,Ariane Sephaine,False,1710231500,Siren,57
True,2994,50,Lyra Bloelakwyn,False,1710231266,Cactuar,79
True,2846,27,Jay D',False,1710230019,Gilgamesh,63
True,2700,99,Wunsucc Wahnquck,False,1710229547,Midgardsormr,65
True,2990,99,Nagi Qn,False,1710228898,Jenova,40
True,2990,99,Nagi Qn,False,1710228897,Jenova,40
True,2973,99,Mystic Twagle,False,1710226615,Adamantoise,73
True,2973,99,Astrid Chan,False,1710226069,Adamantoise,73
True,2400,10,Audrye Peabody,False,1710225620,Midgardsormr,65
True,2400,10,Audrye Peabody,False,1710225619,Midgardsormr,65
True,2399,99,Audrye Peabody,False,1710225618,Midgardsormr,65
True,2966,99,Saki Sprite,False,1710224982,Sargatanas,99
True,2967,99,Saki Sprite,False,1710224980,Sargatanas,99
True,2991,33,Sharuru Valentz,False,1710224610,Jenova,40
True,2995,33,S'whol Luxia,False,1710224414,Cactuar,79
True,2992,99,Aleid Adagio,False,1710222816,Jenova,40
True,2995,33,Sun Ren,False,1710219751,Cactuar,79
True,2995,33,Sun Ren,False,1710219749,Cactuar,79
True,2995,33,Sun Ren,False,1710219748,Cactuar,79
True,2970,25,Kinsha D'acier,False,1710219559,Sargatanas,99
True,3170,99,Scarlet Hazakura,False,1710219460,Faerie,54
True,2700,99,Weebtrash Desu,False,1710218711,Midgardsormr,65
True,3340,99,Lily Tayuun,False,1710217074,Siren,57
True,2975,99,Ruby Miller,False,1710216560,Adamantoise,73
True,2975,99,Ruby Miller,False,1710216558,Adamantoise,73
True,2892,99,Lily Navaya,False,1710216347,Gilgamesh,63
True,2972,50,Claire Whitlock,False,1710216215,Sargatanas,99
True,2992,99,Sunce Okret,False,1710215925,Jenova,40
True,2970,99,Viktor Iasecretes,False,1710215901,Sargatanas,99
True,2996,99,Karma Armonia,False,1710215827,Cactuar,79
True,2893,99,Sylvia Lynx,False,1710214411,Gilgamesh,63
True,2893,99,Sylvia Lynx,False,1710214406,Gilgamesh,63
True,2972,99,Munan Cho,False,1710214138,Sargatanas,99
True,2973,50,Twiggle Wiggles,False,1710213602,Sargatanas,99
True,3171,99,Sol Zanketsu,False,1710213022,Faerie,54
True,2973,50,Deeds Unnamed,False,1710212845,Sargatanas,99
True,2973,99,Deeds Unnamed,False,1710212843,Sargatanas,99
True,2845,25,Tamaris Howl,False,1710212775,Midgardsormr,65
True,2992,99,Iu Iu,False,1710212653,Jenova,40
True,2996,30,Anh Jack,False,1710212457,Cactuar,79
True,2976,99,Aleks Anonymous,False,1710212060,Adamantoise,73
True,2992,99,Clo Camellia,False,1710211667,Jenova,40
True,2976,25,Kaline Araeya,False,1710210797,Adamantoise,73
True,3173,33,Dawn Lion'storm,False,1710210705,Faerie,54
True,2894,99,Reiko Nekomaki,False,1710210691,Gilgamesh,63
True,2976,25,Kalaveno Faloveno,False,1710210664,Adamantoise,73
True,2995,99,Kaede Akamatsuu,False,1710210072,Cactuar,79
True,3173,99,Marceline Amaris,False,1710209953,Faerie,54
True,3173,99,Saya Tokikaze,False,1710209716,Faerie,54
True,2894,25,Diva Divine,False,1710209614,Gilgamesh,63
True,2894,25,Diva Divine,False,1710209613,Gilgamesh,63
True,2894,25,Diva Divine,False,1710209612,Gilgamesh,63
True,2895,99,Diva Divine,False,1710209609,Gilgamesh,63
True,2993,33,Mahal Jaani,False,1710209301,Jenova,40
True,2894,99,Mavis Nymvia,False,1710209215,Gilgamesh,63
True,2894,99,Mavis Nymvia,False,1710209214,Gilgamesh,63
True,2894,99,Chocominto Ice,False,1710209206,Gilgamesh,63
True,2894,99,Chocominto Ice,False,1710209204,Gilgamesh,63
True,2894,99,Mavis Nymvia,False,1710209198,Gilgamesh,63
True,3173,33,Niklaus Owenska,False,1710208705,Faerie,54
True,2976,25,Fen Dsaed,False,1710208605,Adamantoise,73
True,2976,25,Belle Arda,False,1710208582,Adamantoise,73
True,2847,99,Lolly Pop,False,1710208361,Midgardsormr,65
True,2896,99,Snow Flower,False,1710208013,Gilgamesh,63
True,2994,25,Rae Ravencroft,False,1710208004,Jenova,40
True,2896,99,Snow Flower,False,1710208003,Gilgamesh,63
True,2994,25,Rae Ravencroft,False,1710208001,Jenova,40
True,2976,99,Dusk Romanov,False,1710207994,Adamantoise,73
True,2996,33,Mister Brappy,False,1710207937,Cactuar,79
True,2996,33,Mister Brappy,False,1710207935,Cactuar,79
True,2996,33,Mister Brappy,False,1710207934,Cactuar,79
True,2994,99,Ola Eldevik,False,1710207478,Jenova,40
True,2994,99,Ola Eldevik,False,1710207477,Jenova,40
True,2896,25,Intriquality Vega,False,1710207323,Gilgamesh,63
True,2896,25,Intriquality Vega,False,1710207321,Gilgamesh,63
True,2996,33,Mugi Wugi,False,1710206811,Cactuar,79
True,3354,99,Velouria Renoir,False,1710206761,Siren,57
True,2996,33,Xera Lune,False,1710206722,Cactuar,79
True,2977,99,Miku De'blanche,False,1710206720,Sargatanas,99
True,2996,33,Xera Lune,False,1710206708,Cactuar,79
True,2994,99,Ginchiyo Akamura,False,1710206580,Jenova,40
True,3354,99,Chronic Depression,False,1710206101,Siren,57
True,2896,99,Adelaide Marmalade,False,1710205544,Gilgamesh,63
True,2896,99,Coffee Shop,False,1710205525,Gilgamesh,63
True,2896,99,Coffee Shop,False,1710205524,Gilgamesh,63
True,2700,33,Coffee Shop,False,1710205523,Gilgamesh,63
True,2700,33,Coffee Shop,False,1710205521,Gilgamesh,63
True,2700,33,Coffee Shop,False,1710205520,Gilgamesh,63
True,2700,99,Coffee Shop,False,1710205519,Gilgamesh,63
True,2700,99,Coffee Shop,False,1710205517,Gilgamesh,63
True,2996,99,Thanriel Soliere,False,1710205196,Cactuar,79
True,3354,99,Bara Scholar,False,1710205031,Siren,57
True,2996,99,Jhared Drage,False,1710204652,Cactuar,79
True,2978,99,Siksta Sonear,False,1710204435,Sargatanas,99
True,2994,25,Zethia Alarie,False,1710204422,Jenova,40
True,3200,15,Astrud Lawliet,False,1710204112,Jenova,40
True,2896,99,Tianne Skyern,False,1710203924,Gilgamesh,63
True,3356,99,Ogma Fire-emblem,False,1710203695,Siren,57
True,3356,99,Ogma Fire-emblem,False,1710203693,Siren,57
True,3173,99,Hito Fleurissante,False,1710203523,Faerie,54
True,2994,99,Epi Ona,False,1710203448,Jenova,40
True,3173,99,Fram Bu,False,1710203264,Faerie,54
True,3172,99,Fram Bu,False,1710203262,Faerie,54
True,2978,99,Sihan Serenos,False,1710203180,Sargatanas,99
True,3402,33,Courageous Cookie,False,1710203145,Siren,57
True,2994,25,Aquila Judicium,False,1710203107,Jenova,40
True,2994,25,Kalcifer Morningstar,False,1710203054,Jenova,40
True,2994,25,Kalcifer Morningstar,False,1710203052,Jenova,40
True,3172,99,Duckson Duckboi,False,1710202692,Faerie,54
True,2896,99,Jnrr Jnrr,False,1710202565,Gilgamesh,63
True,3356,99,Yasu Tsuya,False,1710202157,Siren,57
True,2978,99,Poke Boy,False,1710202066,Adamantoise,73
True,2994,25,Gacha Addict,False,1710202036,Jenova,40
True,2896,25,Memi Saurus,False,1710201460,Gilgamesh,63
True,3356,99,Ziwi Ephemerals,False,1710201170,Siren,57
True,2978,99,Win Rar,False,1710201080,Sargatanas,99
True,2980,25,Burning Solar,False,1710200156,Sargatanas,99
True,2999,30,Si-won Cho,False,1710199307,Cactuar,79
True,2793,99,Mikh'a Elakha,False,1710198476,Gilgamesh,63
True,2787,99,Mikh'a Elakha,False,1710198475,Gilgamesh,63
True,2780,99,Mikh'a Elakha,False,1710198474,Gilgamesh,63
True,2779,33,Mikh'a Elakha,False,1710198473,Gilgamesh,63
True,2779,33,Mikh'a Elakha,False,1710198472,Gilgamesh,63
True,2779,99,Mikh'a Elakha,False,1710198471,Gilgamesh,63
True,2779,99,Mikh'a Elakha,False,1710198470,Gilgamesh,63
True,2779,99,Mikh'a Elakha,False,1710198469,Gilgamesh,63
True,2779,99,Mikh'a Elakha,False,1710198468,Gilgamesh,63
True,2779,99,Mikh'a Elakha,False,1710198467,Gilgamesh,63
True,2981,99,Dade Deini,False,1710198458,Sargatanas,99
True,3402,33,Animal Mythseeker,False,1710198289,Siren,57
True,2998,99,Impy Mikoto,False,1710198198,Cactuar,79
True,2997,99,Impy Mikoto,False,1710198196,Cactuar,79
True,2979,99,Heero Kazen,False,1710198065,Adamantoise,73
True,2400,10,Sterling Sylva,False,1710197977,Midgardsormr,65
True,2400,10,Sterling Sylva,False,1710197974,Midgardsormr,65
True,3171,50,Ziv Enyasch,False,1710196998,Faerie,54
True,3172,99,Ziv Enyasch,False,1710196996,Faerie,54
True,3171,50,Mega Star,False,1710196318,Faerie,54
True,2780,99,Raye Sentoki,False,1710195909,Gilgamesh,63
True,2979,99,Vergandi Ghaladea,False,1710195820,Adamantoise,73
True,2400,10,Mimarrah Mannwyn,False,1710194317,Midgardsormr,65
True,2400,10,Mimarrah Mannwyn,False,1710194315,Midgardsormr,65
True,3171,50,Sarina Stabstab,False,1710193575,Faerie,54
True,2979,99,Azure Ahmed,False,1710192863,Adamantoise,73
True,2977,99,Azure Ahmed,False,1710192845,Adamantoise,73
True,2999,99,Hozai Molzai,False,1710192623,Jenova,40
True,2999,99,Hozai Molzai,False,1710192621,Jenova,40
True,3367,19,Fur Elise,False,1710191559,Siren,57
True,2999,30,Delphin Lenedith,False,1710190525,Cactuar,79
True,2998,99,Nanami Shinoa,False,1710190392,Cactuar,79
True,2798,33,Illuminily Lily,False,1710190217,Gilgamesh,63
True,2995,30,Dia Algera,False,1710189651,Jenova,40
True,2995,30,Dia Algera,False,1710189648,Jenova,40
True,2989,33,C'ranmaia Mhazi,False,1710189315,Adamantoise,73
True,2995,30,Dolly Parton,False,1710189025,Jenova,40
True,2797,99,Gc Kaf,False,1710187509,Gilgamesh,63
True,2990,99,Veve Deltat,False,1710187127,Sargatanas,99
True,2990,99,Veve Deltat,False,1710187126,Sargatanas,99
True,2978,99,Sierra Rabntah,False,1710186199,Adamantoise,73
True,2978,99,Sierra Rabntah,False,1710186174,Adamantoise,73
True,2991,50,Coffee Liqueur,False,1710184426,Sargatanas,99
True,2999,30,Wondersteve Ojv,False,1710181548,Cactuar,79
True,2999,30,Wondersteve Ojv,False,1710181547,Cactuar,79
True,2999,30,Wondersteve Ojv,False,1710181546,Cactuar,79
True,2999,30,Wondersteve Ojv,False,1710181544,Cactuar,79
True,2999,99,Wondersteve Ojv,False,1710181539,Cactuar,79
True,2997,99,Wondersteve Ojv,False,1710181536,Cactuar,79
True,3363,33,Kuroki Bread,False,1710180532,Siren,57
True,2998,99,Last Breath,False,1710176214,Cactuar,79
True,2799,99,Dylan Traver,False,1710175348,Gilgamesh,63
True,2800,33,Tu Tu,False,1710175304,Gilgamesh,63
True,3173,33,Yoavii Rerewaii,False,1710169418,Faerie,54
True,3173,33,Xia Soulhaven,False,1710167540,Faerie,54
True,3173,33,Leandros Adastros,False,1710157213,Faerie,54
